%YAML 1.1
%TAG !u! tag:unity3d.com,2011:
--- !u!1 &7411355225248018382
GameObject:
  m_ObjectHideFlags: 0
  m_CorrespondingSourceObject: {fileID: 0}
  m_PrefabInstance: {fileID: 0}
  m_PrefabAsset: {fileID: 0}
  serializedVersion: 6
  m_Component:
  - component: {fileID: 2857961712113215676}
  - component: {fileID: 5593853240970037063}
  - component: {fileID: 8234146645570481987}
  - component: {fileID: 2035002369}
  - component: {fileID: 1856720708748700852}
  m_Layer: 8
  m_Name: House_4
  m_TagString: Untagged
  m_Icon: {fileID: 0}
  m_NavMeshLayer: 0
  m_StaticEditorFlags: 0
  m_IsActive: 1
--- !u!4 &2857961712113215676
Transform:
  m_ObjectHideFlags: 0
  m_CorrespondingSourceObject: {fileID: 0}
  m_PrefabInstance: {fileID: 0}
  m_PrefabAsset: {fileID: 0}
  m_GameObject: {fileID: 7411355225248018382}
  m_LocalRotation: {x: 0, y: 0, z: 0, w: 1}
  m_LocalPosition: {x: 0, y: 0, z: 0}
  m_LocalScale: {x: 1.3, y: 1.3, z: 1.3}
  m_Children:
  - {fileID: 4899891497851831004}
  - {fileID: 8260561398954422315}
  - {fileID: 64503011391654938}
  - {fileID: 7585555120482341800}
  - {fileID: 4300709099931276170}
  - {fileID: 4340400757304395348}
  - {fileID: 6853896136668600523}
  - {fileID: 5994197608966769034}
  - {fileID: 6339610300242706928}
  - {fileID: 1144981883295156760}
  - {fileID: 7694112977871173865}
  - {fileID: 1873050286104866790}
  - {fileID: 2284321861998655971}
  m_Father: {fileID: 0}
  m_RootOrder: 0
  m_LocalEulerAnglesHint: {x: 0, y: 0, z: 0}
--- !u!33 &5593853240970037063
MeshFilter:
  m_ObjectHideFlags: 0
  m_CorrespondingSourceObject: {fileID: 0}
  m_PrefabInstance: {fileID: 0}
  m_PrefabAsset: {fileID: 0}
  m_GameObject: {fileID: 7411355225248018382}
  m_Mesh: {fileID: 4300000, guid: b8cd3febd5a35624ab79cc38e69285a0, type: 3}
--- !u!23 &8234146645570481987
MeshRenderer:
  m_ObjectHideFlags: 0
  m_CorrespondingSourceObject: {fileID: 0}
  m_PrefabInstance: {fileID: 0}
  m_PrefabAsset: {fileID: 0}
  m_GameObject: {fileID: 7411355225248018382}
  m_Enabled: 1
  m_CastShadows: 1
  m_ReceiveShadows: 1
  m_DynamicOccludee: 1
  m_MotionVectors: 1
  m_LightProbeUsage: 1
  m_ReflectionProbeUsage: 1
  m_RayTracingMode: 2
  m_RayTraceProcedural: 0
  m_RenderingLayerMask: 1
  m_RendererPriority: 0
  m_Materials:
  - {fileID: 2100000, guid: 637c1f068c75ac141bb7b63b35b81b86, type: 2}
  m_StaticBatchInfo:
    firstSubMesh: 0
    subMeshCount: 0
  m_StaticBatchRoot: {fileID: 0}
  m_ProbeAnchor: {fileID: 0}
  m_LightProbeVolumeOverride: {fileID: 0}
  m_ScaleInLightmap: 1
  m_ReceiveGI: 1
  m_PreserveUVs: 0
  m_IgnoreNormalsForChartDetection: 0
  m_ImportantGI: 0
  m_StitchLightmapSeams: 0
  m_SelectedEditorRenderState: 3
  m_MinimumChartSize: 4
  m_AutoUVMaxDistance: 0.5
  m_AutoUVMaxAngle: 89
  m_LightmapParameters: {fileID: 0}
  m_SortingLayerID: 0
  m_SortingLayer: 0
  m_SortingOrder: 0
  m_AdditionalVertexStreams: {fileID: 0}
--- !u!65 &2035002369
BoxCollider:
  m_ObjectHideFlags: 0
  m_CorrespondingSourceObject: {fileID: 0}
  m_PrefabInstance: {fileID: 0}
  m_PrefabAsset: {fileID: 0}
  m_GameObject: {fileID: 7411355225248018382}
  m_Material: {fileID: 0}
  m_IsTrigger: 0
  m_Enabled: 1
  serializedVersion: 2
  m_Size: {x: 4.859733, y: 2.3296824, z: 3.9468699}
  m_Center: {x: 0.00000023841858, y: 1.1643841, z: 0.00000035762787}
--- !u!54 &1856720708748700852
Rigidbody:
  m_ObjectHideFlags: 0
  m_CorrespondingSourceObject: {fileID: 0}
  m_PrefabInstance: {fileID: 0}
  m_PrefabAsset: {fileID: 0}
  m_GameObject: {fileID: 7411355225248018382}
  serializedVersion: 2
  m_Mass: 1
  m_Drag: 0
  m_AngularDrag: 0.05
  m_UseGravity: 0
  m_IsKinematic: 1
  m_Interpolate: 0
  m_Constraints: 0
  m_CollisionDetection: 0
--- !u!1001 &189220975183883631
PrefabInstance:
  m_ObjectHideFlags: 0
  serializedVersion: 2
  m_Modification:
    m_TransformParent: {fileID: 2857961712113215676}
    m_Modifications:
    - target: {fileID: 6150490490920545439, guid: 940fcb206800ac348bd5908c35bcd46b, type: 3}
      propertyPath: m_RootOrder
      value: 8
      objectReference: {fileID: 0}
    - target: {fileID: 6150490490920545439, guid: 940fcb206800ac348bd5908c35bcd46b, type: 3}
      propertyPath: m_LocalPosition.x
      value: -1.073
      objectReference: {fileID: 0}
    - target: {fileID: 6150490490920545439, guid: 940fcb206800ac348bd5908c35bcd46b, type: 3}
      propertyPath: m_LocalPosition.y
      value: 0.91
      objectReference: {fileID: 0}
    - target: {fileID: 6150490490920545439, guid: 940fcb206800ac348bd5908c35bcd46b, type: 3}
      propertyPath: m_LocalPosition.z
      value: -1.816
      objectReference: {fileID: 0}
    - target: {fileID: 6150490490920545439, guid: 940fcb206800ac348bd5908c35bcd46b, type: 3}
      propertyPath: m_LocalRotation.w
      value: 0.7071068
      objectReference: {fileID: 0}
    - target: {fileID: 6150490490920545439, guid: 940fcb206800ac348bd5908c35bcd46b, type: 3}
      propertyPath: m_LocalRotation.x
      value: 0.000000015454313
      objectReference: {fileID: 0}
    - target: {fileID: 6150490490920545439, guid: 940fcb206800ac348bd5908c35bcd46b, type: 3}
      propertyPath: m_LocalRotation.y
      value: 0.70710677
      objectReference: {fileID: 0}
    - target: {fileID: 6150490490920545439, guid: 940fcb206800ac348bd5908c35bcd46b, type: 3}
      propertyPath: m_LocalRotation.z
      value: 0.000000015454313
      objectReference: {fileID: 0}
    - target: {fileID: 6150490490920545439, guid: 940fcb206800ac348bd5908c35bcd46b, type: 3}
      propertyPath: m_LocalEulerAnglesHint.x
      value: 0
      objectReference: {fileID: 0}
    - target: {fileID: 6150490490920545439, guid: 940fcb206800ac348bd5908c35bcd46b, type: 3}
      propertyPath: m_LocalEulerAnglesHint.y
      value: 90.00001
      objectReference: {fileID: 0}
    - target: {fileID: 6150490490920545439, guid: 940fcb206800ac348bd5908c35bcd46b, type: 3}
      propertyPath: m_LocalEulerAnglesHint.z
      value: 0
      objectReference: {fileID: 0}
    - target: {fileID: 8550734974218213428, guid: 940fcb206800ac348bd5908c35bcd46b, type: 3}
      propertyPath: m_Name
      value: Part_6
      objectReference: {fileID: 0}
    - target: {fileID: 8550734974218213428, guid: 940fcb206800ac348bd5908c35bcd46b, type: 3}
      propertyPath: m_Layer
      value: 8
      objectReference: {fileID: 0}
    m_RemovedComponents: []
  m_SourcePrefab: {fileID: 100100000, guid: 940fcb206800ac348bd5908c35bcd46b, type: 3}
--- !u!4 &6339610300242706928 stripped
Transform:
  m_CorrespondingSourceObject: {fileID: 6150490490920545439, guid: 940fcb206800ac348bd5908c35bcd46b, type: 3}
  m_PrefabInstance: {fileID: 189220975183883631}
  m_PrefabAsset: {fileID: 0}
--- !u!1001 &401307018395266488
PrefabInstance:
  m_ObjectHideFlags: 0
  serializedVersion: 2
  m_Modification:
    m_TransformParent: {fileID: 2857961712113215676}
    m_Modifications:
    - target: {fileID: 5075085914766077796, guid: ae22486844d43ae428f87857346d6584, type: 3}
      propertyPath: m_RootOrder
      value: 0
      objectReference: {fileID: 0}
    - target: {fileID: 5075085914766077796, guid: ae22486844d43ae428f87857346d6584, type: 3}
      propertyPath: m_LocalPosition.x
      value: 0.012
      objectReference: {fileID: 0}
    - target: {fileID: 5075085914766077796, guid: ae22486844d43ae428f87857346d6584, type: 3}
      propertyPath: m_LocalPosition.y
      value: 0
      objectReference: {fileID: 0}
    - target: {fileID: 5075085914766077796, guid: ae22486844d43ae428f87857346d6584, type: 3}
      propertyPath: m_LocalPosition.z
      value: -1.001
      objectReference: {fileID: 0}
    - target: {fileID: 5075085914766077796, guid: ae22486844d43ae428f87857346d6584, type: 3}
      propertyPath: m_LocalRotation.w
      value: 1
      objectReference: {fileID: 0}
    - target: {fileID: 5075085914766077796, guid: ae22486844d43ae428f87857346d6584, type: 3}
      propertyPath: m_LocalRotation.x
      value: 0.000000021855701
      objectReference: {fileID: 0}
    - target: {fileID: 5075085914766077796, guid: ae22486844d43ae428f87857346d6584, type: 3}
      propertyPath: m_LocalRotation.y
      value: 0.0000004768371
      objectReference: {fileID: 0}
    - target: {fileID: 5075085914766077796, guid: ae22486844d43ae428f87857346d6584, type: 3}
      propertyPath: m_LocalRotation.z
      value: 9.758515e-15
      objectReference: {fileID: 0}
    - target: {fileID: 5075085914766077796, guid: ae22486844d43ae428f87857346d6584, type: 3}
      propertyPath: m_LocalEulerAnglesHint.x
      value: 0
      objectReference: {fileID: 0}
    - target: {fileID: 5075085914766077796, guid: ae22486844d43ae428f87857346d6584, type: 3}
      propertyPath: m_LocalEulerAnglesHint.y
      value: 0
      objectReference: {fileID: 0}
    - target: {fileID: 5075085914766077796, guid: ae22486844d43ae428f87857346d6584, type: 3}
      propertyPath: m_LocalEulerAnglesHint.z
      value: 0
      objectReference: {fileID: 0}
    - target: {fileID: 7889368120267120974, guid: ae22486844d43ae428f87857346d6584, type: 3}
      propertyPath: m_Name
      value: Part_4
      objectReference: {fileID: 0}
    - target: {fileID: 7889368120267120974, guid: ae22486844d43ae428f87857346d6584, type: 3}
      propertyPath: m_Layer
      value: 8
      objectReference: {fileID: 0}
    m_RemovedComponents: []
  m_SourcePrefab: {fileID: 100100000, guid: ae22486844d43ae428f87857346d6584, type: 3}
--- !u!4 &4899891497851831004 stripped
Transform:
  m_CorrespondingSourceObject: {fileID: 5075085914766077796, guid: ae22486844d43ae428f87857346d6584, type: 3}
  m_PrefabInstance: {fileID: 401307018395266488}
  m_PrefabAsset: {fileID: 0}
--- !u!1001 &465353404500763925
PrefabInstance:
  m_ObjectHideFlags: 0
  serializedVersion: 2
  m_Modification:
    m_TransformParent: {fileID: 2857961712113215676}
    m_Modifications:
    - target: {fileID: 6150490490920545439, guid: 940fcb206800ac348bd5908c35bcd46b, type: 3}
      propertyPath: m_RootOrder
      value: 7
      objectReference: {fileID: 0}
    - target: {fileID: 6150490490920545439, guid: 940fcb206800ac348bd5908c35bcd46b, type: 3}
      propertyPath: m_LocalPosition.x
      value: 1.194
      objectReference: {fileID: 0}
    - target: {fileID: 6150490490920545439, guid: 940fcb206800ac348bd5908c35bcd46b, type: 3}
      propertyPath: m_LocalPosition.y
      value: 0.91
      objectReference: {fileID: 0}
    - target: {fileID: 6150490490920545439, guid: 940fcb206800ac348bd5908c35bcd46b, type: 3}
      propertyPath: m_LocalPosition.z
      value: -0.088
      objectReference: {fileID: 0}
    - target: {fileID: 6150490490920545439, guid: 940fcb206800ac348bd5908c35bcd46b, type: 3}
      propertyPath: m_LocalRotation.w
      value: 0.7071068
      objectReference: {fileID: 0}
    - target: {fileID: 6150490490920545439, guid: 940fcb206800ac348bd5908c35bcd46b, type: 3}
      propertyPath: m_LocalRotation.x
      value: 0.000000015454313
      objectReference: {fileID: 0}
    - target: {fileID: 6150490490920545439, guid: 940fcb206800ac348bd5908c35bcd46b, type: 3}
      propertyPath: m_LocalRotation.y
      value: 0.70710677
      objectReference: {fileID: 0}
    - target: {fileID: 6150490490920545439, guid: 940fcb206800ac348bd5908c35bcd46b, type: 3}
      propertyPath: m_LocalRotation.z
      value: 0.000000015454313
      objectReference: {fileID: 0}
    - target: {fileID: 6150490490920545439, guid: 940fcb206800ac348bd5908c35bcd46b, type: 3}
      propertyPath: m_LocalEulerAnglesHint.x
      value: 0
      objectReference: {fileID: 0}
    - target: {fileID: 6150490490920545439, guid: 940fcb206800ac348bd5908c35bcd46b, type: 3}
      propertyPath: m_LocalEulerAnglesHint.y
      value: 90.00001
      objectReference: {fileID: 0}
    - target: {fileID: 6150490490920545439, guid: 940fcb206800ac348bd5908c35bcd46b, type: 3}
      propertyPath: m_LocalEulerAnglesHint.z
      value: 0
      objectReference: {fileID: 0}
    - target: {fileID: 8550734974218213428, guid: 940fcb206800ac348bd5908c35bcd46b, type: 3}
      propertyPath: m_Name
      value: Part_6
      objectReference: {fileID: 0}
    - target: {fileID: 8550734974218213428, guid: 940fcb206800ac348bd5908c35bcd46b, type: 3}
      propertyPath: m_Layer
      value: 8
      objectReference: {fileID: 0}
    m_RemovedComponents: []
  m_SourcePrefab: {fileID: 100100000, guid: 940fcb206800ac348bd5908c35bcd46b, type: 3}
--- !u!4 &5994197608966769034 stripped
Transform:
  m_CorrespondingSourceObject: {fileID: 6150490490920545439, guid: 940fcb206800ac348bd5908c35bcd46b, type: 3}
  m_PrefabInstance: {fileID: 465353404500763925}
  m_PrefabAsset: {fileID: 0}
--- !u!1001 &740561465814119508
PrefabInstance:
  m_ObjectHideFlags: 0
  serializedVersion: 2
  m_Modification:
    m_TransformParent: {fileID: 2857961712113215676}
    m_Modifications:
    - target: {fileID: 6150490490920545439, guid: 940fcb206800ac348bd5908c35bcd46b, type: 3}
      propertyPath: m_RootOrder
      value: 6
      objectReference: {fileID: 0}
    - target: {fileID: 6150490490920545439, guid: 940fcb206800ac348bd5908c35bcd46b, type: 3}
      propertyPath: m_LocalPosition.x
      value: 2.255
      objectReference: {fileID: 0}
    - target: {fileID: 6150490490920545439, guid: 940fcb206800ac348bd5908c35bcd46b, type: 3}
      propertyPath: m_LocalPosition.y
      value: 0.91
      objectReference: {fileID: 0}
    - target: {fileID: 6150490490920545439, guid: 940fcb206800ac348bd5908c35bcd46b, type: 3}
      propertyPath: m_LocalPosition.z
      value: 0.886
      objectReference: {fileID: 0}
    - target: {fileID: 6150490490920545439, guid: 940fcb206800ac348bd5908c35bcd46b, type: 3}
      propertyPath: m_LocalRotation.w
      value: 1
      objectReference: {fileID: 0}
    - target: {fileID: 6150490490920545439, guid: 940fcb206800ac348bd5908c35bcd46b, type: 3}
      propertyPath: m_LocalRotation.x
      value: 0.000000021855694
      objectReference: {fileID: 0}
    - target: {fileID: 6150490490920545439, guid: 940fcb206800ac348bd5908c35bcd46b, type: 3}
      propertyPath: m_LocalRotation.y
      value: -0
      objectReference: {fileID: 0}
    - target: {fileID: 6150490490920545439, guid: 940fcb206800ac348bd5908c35bcd46b, type: 3}
      propertyPath: m_LocalRotation.z
      value: -0
      objectReference: {fileID: 0}
    - target: {fileID: 6150490490920545439, guid: 940fcb206800ac348bd5908c35bcd46b, type: 3}
      propertyPath: m_LocalEulerAnglesHint.x
      value: 0
      objectReference: {fileID: 0}
    - target: {fileID: 6150490490920545439, guid: 940fcb206800ac348bd5908c35bcd46b, type: 3}
      propertyPath: m_LocalEulerAnglesHint.y
      value: 0
      objectReference: {fileID: 0}
    - target: {fileID: 6150490490920545439, guid: 940fcb206800ac348bd5908c35bcd46b, type: 3}
      propertyPath: m_LocalEulerAnglesHint.z
      value: 0
      objectReference: {fileID: 0}
    - target: {fileID: 8550734974218213428, guid: 940fcb206800ac348bd5908c35bcd46b, type: 3}
      propertyPath: m_Name
      value: Part_6
      objectReference: {fileID: 0}
    - target: {fileID: 8550734974218213428, guid: 940fcb206800ac348bd5908c35bcd46b, type: 3}
      propertyPath: m_Layer
      value: 8
      objectReference: {fileID: 0}
    m_RemovedComponents: []
  m_SourcePrefab: {fileID: 100100000, guid: 940fcb206800ac348bd5908c35bcd46b, type: 3}
--- !u!4 &6853896136668600523 stripped
Transform:
  m_CorrespondingSourceObject: {fileID: 6150490490920545439, guid: 940fcb206800ac348bd5908c35bcd46b, type: 3}
  m_PrefabInstance: {fileID: 740561465814119508}
  m_PrefabAsset: {fileID: 0}
--- !u!1001 &778393338035155156
PrefabInstance:
  m_ObjectHideFlags: 0
  serializedVersion: 2
  m_Modification:
    m_TransformParent: {fileID: 2857961712113215676}
    m_Modifications:
    - target: {fileID: 3558504228889305950, guid: e1afc4a32925a634f9bc45d538925b88, type: 3}
      propertyPath: m_RootOrder
      value: 4
      objectReference: {fileID: 0}
    - target: {fileID: 3558504228889305950, guid: e1afc4a32925a634f9bc45d538925b88, type: 3}
      propertyPath: m_LocalScale.x
      value: 1.0000002
      objectReference: {fileID: 0}
    - target: {fileID: 3558504228889305950, guid: e1afc4a32925a634f9bc45d538925b88, type: 3}
      propertyPath: m_LocalScale.z
      value: 1.0000002
      objectReference: {fileID: 0}
    - target: {fileID: 3558504228889305950, guid: e1afc4a32925a634f9bc45d538925b88, type: 3}
      propertyPath: m_LocalPosition.x
      value: -2.06
      objectReference: {fileID: 0}
    - target: {fileID: 3558504228889305950, guid: e1afc4a32925a634f9bc45d538925b88, type: 3}
      propertyPath: m_LocalPosition.y
      value: 0.9
      objectReference: {fileID: 0}
    - target: {fileID: 3558504228889305950, guid: e1afc4a32925a634f9bc45d538925b88, type: 3}
      propertyPath: m_LocalPosition.z
      value: -1.599
      objectReference: {fileID: 0}
    - target: {fileID: 3558504228889305950, guid: e1afc4a32925a634f9bc45d538925b88, type: 3}
      propertyPath: m_LocalRotation.w
      value: 0.38268417
      objectReference: {fileID: 0}
    - target: {fileID: 3558504228889305950, guid: e1afc4a32925a634f9bc45d538925b88, type: 3}
      propertyPath: m_LocalRotation.x
      value: 0.000000008363817
      objectReference: {fileID: 0}
    - target: {fileID: 3558504228889305950, guid: e1afc4a32925a634f9bc45d538925b88, type: 3}
      propertyPath: m_LocalRotation.y
      value: 0.92387927
      objectReference: {fileID: 0}
    - target: {fileID: 3558504228889305950, guid: e1afc4a32925a634f9bc45d538925b88, type: 3}
      propertyPath: m_LocalRotation.z
      value: 0.00000002019204
      objectReference: {fileID: 0}
    - target: {fileID: 3558504228889305950, guid: e1afc4a32925a634f9bc45d538925b88, type: 3}
      propertyPath: m_LocalEulerAnglesHint.x
      value: 0
      objectReference: {fileID: 0}
    - target: {fileID: 3558504228889305950, guid: e1afc4a32925a634f9bc45d538925b88, type: 3}
      propertyPath: m_LocalEulerAnglesHint.y
      value: 135
      objectReference: {fileID: 0}
    - target: {fileID: 3558504228889305950, guid: e1afc4a32925a634f9bc45d538925b88, type: 3}
      propertyPath: m_LocalEulerAnglesHint.z
      value: 0
      objectReference: {fileID: 0}
    - target: {fileID: 5335905297485326004, guid: e1afc4a32925a634f9bc45d538925b88, type: 3}
      propertyPath: m_Name
      value: Part_5
      objectReference: {fileID: 0}
    - target: {fileID: 5335905297485326004, guid: e1afc4a32925a634f9bc45d538925b88, type: 3}
      propertyPath: m_Layer
      value: 8
      objectReference: {fileID: 0}
    m_RemovedComponents: []
  m_SourcePrefab: {fileID: 100100000, guid: e1afc4a32925a634f9bc45d538925b88, type: 3}
--- !u!4 &4300709099931276170 stripped
Transform:
  m_CorrespondingSourceObject: {fileID: 3558504228889305950, guid: e1afc4a32925a634f9bc45d538925b88, type: 3}
  m_PrefabInstance: {fileID: 778393338035155156}
  m_PrefabAsset: {fileID: 0}
--- !u!1001 &963325842805171466
PrefabInstance:
  m_ObjectHideFlags: 0
  serializedVersion: 2
  m_Modification:
    m_TransformParent: {fileID: 2857961712113215676}
    m_Modifications:
    - target: {fileID: 3558504228889305950, guid: e1afc4a32925a634f9bc45d538925b88, type: 3}
      propertyPath: m_RootOrder
      value: 5
      objectReference: {fileID: 0}
    - target: {fileID: 3558504228889305950, guid: e1afc4a32925a634f9bc45d538925b88, type: 3}
      propertyPath: m_LocalPosition.x
      value: -2.059
      objectReference: {fileID: 0}
    - target: {fileID: 3558504228889305950, guid: e1afc4a32925a634f9bc45d538925b88, type: 3}
      propertyPath: m_LocalPosition.y
      value: 0.9
      objectReference: {fileID: 0}
    - target: {fileID: 3558504228889305950, guid: e1afc4a32925a634f9bc45d538925b88, type: 3}
      propertyPath: m_LocalPosition.z
      value: 1.653
      objectReference: {fileID: 0}
    - target: {fileID: 3558504228889305950, guid: e1afc4a32925a634f9bc45d538925b88, type: 3}
      propertyPath: m_LocalRotation.w
      value: 0.3826841
      objectReference: {fileID: 0}
    - target: {fileID: 3558504228889305950, guid: e1afc4a32925a634f9bc45d538925b88, type: 3}
      propertyPath: m_LocalRotation.x
      value: 0.0000000083638145
      objectReference: {fileID: 0}
    - target: {fileID: 3558504228889305950, guid: e1afc4a32925a634f9bc45d538925b88, type: 3}
      propertyPath: m_LocalRotation.y
      value: -0.9238793
      objectReference: {fileID: 0}
    - target: {fileID: 3558504228889305950, guid: e1afc4a32925a634f9bc45d538925b88, type: 3}
      propertyPath: m_LocalRotation.z
      value: -0.000000020192024
      objectReference: {fileID: 0}
    - target: {fileID: 3558504228889305950, guid: e1afc4a32925a634f9bc45d538925b88, type: 3}
      propertyPath: m_LocalEulerAnglesHint.x
      value: 0
      objectReference: {fileID: 0}
    - target: {fileID: 3558504228889305950, guid: e1afc4a32925a634f9bc45d538925b88, type: 3}
      propertyPath: m_LocalEulerAnglesHint.y
      value: -135
      objectReference: {fileID: 0}
    - target: {fileID: 3558504228889305950, guid: e1afc4a32925a634f9bc45d538925b88, type: 3}
      propertyPath: m_LocalEulerAnglesHint.z
      value: 0
      objectReference: {fileID: 0}
    - target: {fileID: 5335905297485326004, guid: e1afc4a32925a634f9bc45d538925b88, type: 3}
      propertyPath: m_Name
      value: Part_5
      objectReference: {fileID: 0}
    - target: {fileID: 5335905297485326004, guid: e1afc4a32925a634f9bc45d538925b88, type: 3}
      propertyPath: m_Layer
      value: 8
      objectReference: {fileID: 0}
    m_RemovedComponents: []
  m_SourcePrefab: {fileID: 100100000, guid: e1afc4a32925a634f9bc45d538925b88, type: 3}
--- !u!4 &4340400757304395348 stripped
Transform:
  m_CorrespondingSourceObject: {fileID: 3558504228889305950, guid: e1afc4a32925a634f9bc45d538925b88, type: 3}
  m_PrefabInstance: {fileID: 963325842805171466}
  m_PrefabAsset: {fileID: 0}
--- !u!1001 &3568946143039418180
PrefabInstance:
  m_ObjectHideFlags: 0
  serializedVersion: 2
  m_Modification:
    m_TransformParent: {fileID: 2857961712113215676}
    m_Modifications:
    - target: {fileID: 3558504228889305950, guid: e1afc4a32925a634f9bc45d538925b88, type: 3}
      propertyPath: m_RootOrder
      value: 2
      objectReference: {fileID: 0}
    - target: {fileID: 3558504228889305950, guid: e1afc4a32925a634f9bc45d538925b88, type: 3}
      propertyPath: m_LocalPosition.x
      value: 2.064
      objectReference: {fileID: 0}
    - target: {fileID: 3558504228889305950, guid: e1afc4a32925a634f9bc45d538925b88, type: 3}
      propertyPath: m_LocalPosition.y
      value: 0.9
      objectReference: {fileID: 0}
    - target: {fileID: 3558504228889305950, guid: e1afc4a32925a634f9bc45d538925b88, type: 3}
      propertyPath: m_LocalPosition.z
      value: 0.116
      objectReference: {fileID: 0}
    - target: {fileID: 3558504228889305950, guid: e1afc4a32925a634f9bc45d538925b88, type: 3}
      propertyPath: m_LocalRotation.w
      value: 0.9238797
      objectReference: {fileID: 0}
    - target: {fileID: 3558504228889305950, guid: e1afc4a32925a634f9bc45d538925b88, type: 3}
      propertyPath: m_LocalRotation.x
      value: 0.000000020192035
      objectReference: {fileID: 0}
    - target: {fileID: 3558504228889305950, guid: e1afc4a32925a634f9bc45d538925b88, type: 3}
      propertyPath: m_LocalRotation.y
      value: 0.3826832
      objectReference: {fileID: 0}
    - target: {fileID: 3558504228889305950, guid: e1afc4a32925a634f9bc45d538925b88, type: 3}
      propertyPath: m_LocalRotation.z
      value: 0.000000008363821
      objectReference: {fileID: 0}
    - target: {fileID: 3558504228889305950, guid: e1afc4a32925a634f9bc45d538925b88, type: 3}
      propertyPath: m_LocalEulerAnglesHint.x
      value: 0
      objectReference: {fileID: 0}
    - target: {fileID: 3558504228889305950, guid: e1afc4a32925a634f9bc45d538925b88, type: 3}
      propertyPath: m_LocalEulerAnglesHint.y
      value: 45.000004
      objectReference: {fileID: 0}
    - target: {fileID: 3558504228889305950, guid: e1afc4a32925a634f9bc45d538925b88, type: 3}
      propertyPath: m_LocalEulerAnglesHint.z
      value: 0
      objectReference: {fileID: 0}
    - target: {fileID: 5335905297485326004, guid: e1afc4a32925a634f9bc45d538925b88, type: 3}
      propertyPath: m_Name
      value: Part_5
      objectReference: {fileID: 0}
    - target: {fileID: 5335905297485326004, guid: e1afc4a32925a634f9bc45d538925b88, type: 3}
      propertyPath: m_Layer
      value: 8
      objectReference: {fileID: 0}
    m_RemovedComponents: []
  m_SourcePrefab: {fileID: 100100000, guid: e1afc4a32925a634f9bc45d538925b88, type: 3}
--- !u!4 &64503011391654938 stripped
Transform:
  m_CorrespondingSourceObject: {fileID: 3558504228889305950, guid: e1afc4a32925a634f9bc45d538925b88, type: 3}
  m_PrefabInstance: {fileID: 3568946143039418180}
  m_PrefabAsset: {fileID: 0}
--- !u!1001 &4583561057289065590
PrefabInstance:
  m_ObjectHideFlags: 0
  serializedVersion: 2
  m_Modification:
    m_TransformParent: {fileID: 2857961712113215676}
    m_Modifications:
    - target: {fileID: 6150490490920545439, guid: 940fcb206800ac348bd5908c35bcd46b, type: 3}
      propertyPath: m_RootOrder
      value: 10
      objectReference: {fileID: 0}
    - target: {fileID: 6150490490920545439, guid: 940fcb206800ac348bd5908c35bcd46b, type: 3}
      propertyPath: m_LocalPosition.x
      value: -2.269
      objectReference: {fileID: 0}
    - target: {fileID: 6150490490920545439, guid: 940fcb206800ac348bd5908c35bcd46b, type: 3}
      propertyPath: m_LocalPosition.y
      value: 0.91
      objectReference: {fileID: 0}
    - target: {fileID: 6150490490920545439, guid: 940fcb206800ac348bd5908c35bcd46b, type: 3}
      propertyPath: m_LocalPosition.z
      value: 0.745
      objectReference: {fileID: 0}
    - target: {fileID: 6150490490920545439, guid: 940fcb206800ac348bd5908c35bcd46b, type: 3}
      propertyPath: m_LocalRotation.w
      value: 0.00000050663937
      objectReference: {fileID: 0}
    - target: {fileID: 6150490490920545439, guid: 940fcb206800ac348bd5908c35bcd46b, type: 3}
      propertyPath: m_LocalRotation.x
      value: 4.8574002e-15
      objectReference: {fileID: 0}
    - target: {fileID: 6150490490920545439, guid: 940fcb206800ac348bd5908c35bcd46b, type: 3}
      propertyPath: m_LocalRotation.y
      value: 1
      objectReference: {fileID: 0}
    - target: {fileID: 6150490490920545439, guid: 940fcb206800ac348bd5908c35bcd46b, type: 3}
      propertyPath: m_LocalRotation.z
      value: 0.000000021855698
      objectReference: {fileID: 0}
    - target: {fileID: 6150490490920545439, guid: 940fcb206800ac348bd5908c35bcd46b, type: 3}
      propertyPath: m_LocalEulerAnglesHint.x
      value: 0
      objectReference: {fileID: 0}
    - target: {fileID: 6150490490920545439, guid: 940fcb206800ac348bd5908c35bcd46b, type: 3}
      propertyPath: m_LocalEulerAnglesHint.y
      value: 180.00002
      objectReference: {fileID: 0}
    - target: {fileID: 6150490490920545439, guid: 940fcb206800ac348bd5908c35bcd46b, type: 3}
      propertyPath: m_LocalEulerAnglesHint.z
      value: 0
      objectReference: {fileID: 0}
    - target: {fileID: 8550734974218213428, guid: 940fcb206800ac348bd5908c35bcd46b, type: 3}
      propertyPath: m_Name
      value: Part_6
      objectReference: {fileID: 0}
    - target: {fileID: 8550734974218213428, guid: 940fcb206800ac348bd5908c35bcd46b, type: 3}
      propertyPath: m_Layer
      value: 8
      objectReference: {fileID: 0}
    m_RemovedComponents: []
  m_SourcePrefab: {fileID: 100100000, guid: 940fcb206800ac348bd5908c35bcd46b, type: 3}
--- !u!4 &7694112977871173865 stripped
Transform:
  m_CorrespondingSourceObject: {fileID: 6150490490920545439, guid: 940fcb206800ac348bd5908c35bcd46b, type: 3}
  m_PrefabInstance: {fileID: 4583561057289065590}
  m_PrefabAsset: {fileID: 0}
--- !u!1001 &4882236717825217397
PrefabInstance:
  m_ObjectHideFlags: 0
  serializedVersion: 2
  m_Modification:
    m_TransformParent: {fileID: 2857961712113215676}
    m_Modifications:
    - target: {fileID: 3558504228889305950, guid: e1afc4a32925a634f9bc45d538925b88, type: 3}
      propertyPath: m_RootOrder
      value: 1
      objectReference: {fileID: 0}
    - target: {fileID: 3558504228889305950, guid: e1afc4a32925a634f9bc45d538925b88, type: 3}
      propertyPath: m_LocalPosition.x
      value: 2.064
      objectReference: {fileID: 0}
    - target: {fileID: 3558504228889305950, guid: e1afc4a32925a634f9bc45d538925b88, type: 3}
      propertyPath: m_LocalPosition.y
      value: 0.9
      objectReference: {fileID: 0}
    - target: {fileID: 3558504228889305950, guid: e1afc4a32925a634f9bc45d538925b88, type: 3}
      propertyPath: m_LocalPosition.z
      value: 1.651
      objectReference: {fileID: 0}
    - target: {fileID: 3558504228889305950, guid: e1afc4a32925a634f9bc45d538925b88, type: 3}
      propertyPath: m_LocalRotation.w
      value: 0.9238795
      objectReference: {fileID: 0}
    - target: {fileID: 3558504228889305950, guid: e1afc4a32925a634f9bc45d538925b88, type: 3}
      propertyPath: m_LocalRotation.x
      value: 0.000000020192028
      objectReference: {fileID: 0}
    - target: {fileID: 3558504228889305950, guid: e1afc4a32925a634f9bc45d538925b88, type: 3}
      propertyPath: m_LocalRotation.y
      value: -0.3826837
      objectReference: {fileID: 0}
    - target: {fileID: 3558504228889305950, guid: e1afc4a32925a634f9bc45d538925b88, type: 3}
      propertyPath: m_LocalRotation.z
      value: -0.000000008363816
      objectReference: {fileID: 0}
    - target: {fileID: 3558504228889305950, guid: e1afc4a32925a634f9bc45d538925b88, type: 3}
      propertyPath: m_LocalEulerAnglesHint.x
      value: 0
      objectReference: {fileID: 0}
    - target: {fileID: 3558504228889305950, guid: e1afc4a32925a634f9bc45d538925b88, type: 3}
      propertyPath: m_LocalEulerAnglesHint.y
      value: -45.000004
      objectReference: {fileID: 0}
    - target: {fileID: 3558504228889305950, guid: e1afc4a32925a634f9bc45d538925b88, type: 3}
      propertyPath: m_LocalEulerAnglesHint.z
      value: 0
      objectReference: {fileID: 0}
    - target: {fileID: 5335905297485326004, guid: e1afc4a32925a634f9bc45d538925b88, type: 3}
      propertyPath: m_Name
      value: Part_5
      objectReference: {fileID: 0}
    - target: {fileID: 5335905297485326004, guid: e1afc4a32925a634f9bc45d538925b88, type: 3}
      propertyPath: m_Layer
      value: 8
      objectReference: {fileID: 0}
    m_RemovedComponents: []
  m_SourcePrefab: {fileID: 100100000, guid: e1afc4a32925a634f9bc45d538925b88, type: 3}
--- !u!4 &8260561398954422315 stripped
Transform:
  m_CorrespondingSourceObject: {fileID: 3558504228889305950, guid: e1afc4a32925a634f9bc45d538925b88, type: 3}
  m_PrefabInstance: {fileID: 4882236717825217397}
  m_PrefabAsset: {fileID: 0}
--- !u!1001 &5397955728670070140
PrefabInstance:
  m_ObjectHideFlags: 0
  serializedVersion: 2
  m_Modification:
    m_TransformParent: {fileID: 2857961712113215676}
    m_Modifications:
    - target: {fileID: 6150490490920545439, guid: 940fcb206800ac348bd5908c35bcd46b, type: 3}
      propertyPath: m_RootOrder
      value: 12
      objectReference: {fileID: 0}
    - target: {fileID: 6150490490920545439, guid: 940fcb206800ac348bd5908c35bcd46b, type: 3}
      propertyPath: m_LocalScale.x
      value: 1.0000005
      objectReference: {fileID: 0}
    - target: {fileID: 6150490490920545439, guid: 940fcb206800ac348bd5908c35bcd46b, type: 3}
      propertyPath: m_LocalScale.z
      value: 1.0000005
      objectReference: {fileID: 0}
    - target: {fileID: 6150490490920545439, guid: 940fcb206800ac348bd5908c35bcd46b, type: 3}
      propertyPath: m_LocalPosition.x
      value: 0.979
      objectReference: {fileID: 0}
    - target: {fileID: 6150490490920545439, guid: 940fcb206800ac348bd5908c35bcd46b, type: 3}
      propertyPath: m_LocalPosition.y
      value: 0.91
      objectReference: {fileID: 0}
    - target: {fileID: 6150490490920545439, guid: 940fcb206800ac348bd5908c35bcd46b, type: 3}
      propertyPath: m_LocalPosition.z
      value: 1.874
      objectReference: {fileID: 0}
    - target: {fileID: 6150490490920545439, guid: 940fcb206800ac348bd5908c35bcd46b, type: 3}
      propertyPath: m_LocalRotation.w
      value: -0.7071062
      objectReference: {fileID: 0}
    - target: {fileID: 6150490490920545439, guid: 940fcb206800ac348bd5908c35bcd46b, type: 3}
      propertyPath: m_LocalRotation.x
      value: -0.000000015454296
      objectReference: {fileID: 0}
    - target: {fileID: 6150490490920545439, guid: 940fcb206800ac348bd5908c35bcd46b, type: 3}
      propertyPath: m_LocalRotation.y
      value: 0.7071075
      objectReference: {fileID: 0}
    - target: {fileID: 6150490490920545439, guid: 940fcb206800ac348bd5908c35bcd46b, type: 3}
      propertyPath: m_LocalRotation.z
      value: 0.000000015454328
      objectReference: {fileID: 0}
    - target: {fileID: 6150490490920545439, guid: 940fcb206800ac348bd5908c35bcd46b, type: 3}
      propertyPath: m_LocalEulerAnglesHint.x
      value: 0
      objectReference: {fileID: 0}
    - target: {fileID: 6150490490920545439, guid: 940fcb206800ac348bd5908c35bcd46b, type: 3}
      propertyPath: m_LocalEulerAnglesHint.y
      value: 270
      objectReference: {fileID: 0}
    - target: {fileID: 6150490490920545439, guid: 940fcb206800ac348bd5908c35bcd46b, type: 3}
      propertyPath: m_LocalEulerAnglesHint.z
      value: 0
      objectReference: {fileID: 0}
    - target: {fileID: 8550734974218213428, guid: 940fcb206800ac348bd5908c35bcd46b, type: 3}
      propertyPath: m_Name
      value: Part_6
      objectReference: {fileID: 0}
    - target: {fileID: 8550734974218213428, guid: 940fcb206800ac348bd5908c35bcd46b, type: 3}
      propertyPath: m_Layer
      value: 8
      objectReference: {fileID: 0}
    m_RemovedComponents: []
  m_SourcePrefab: {fileID: 100100000, guid: 940fcb206800ac348bd5908c35bcd46b, type: 3}
--- !u!4 &2284321861998655971 stripped
Transform:
  m_CorrespondingSourceObject: {fileID: 6150490490920545439, guid: 940fcb206800ac348bd5908c35bcd46b, type: 3}
  m_PrefabInstance: {fileID: 5397955728670070140}
  m_PrefabAsset: {fileID: 0}
--- !u!1001 &5522688355386901369
PrefabInstance:
  m_ObjectHideFlags: 0
  serializedVersion: 2
  m_Modification:
    m_TransformParent: {fileID: 2857961712113215676}
    m_Modifications:
    - target: {fileID: 6150490490920545439, guid: 940fcb206800ac348bd5908c35bcd46b, type: 3}
      propertyPath: m_RootOrder
      value: 11
      objectReference: {fileID: 0}
    - target: {fileID: 6150490490920545439, guid: 940fcb206800ac348bd5908c35bcd46b, type: 3}
      propertyPath: m_LocalPosition.x
      value: -1.213
      objectReference: {fileID: 0}
    - target: {fileID: 6150490490920545439, guid: 940fcb206800ac348bd5908c35bcd46b, type: 3}
      propertyPath: m_LocalPosition.y
      value: 0.91
      objectReference: {fileID: 0}
    - target: {fileID: 6150490490920545439, guid: 940fcb206800ac348bd5908c35bcd46b, type: 3}
      propertyPath: m_LocalPosition.z
      value: 1.874
      objectReference: {fileID: 0}
    - target: {fileID: 6150490490920545439, guid: 940fcb206800ac348bd5908c35bcd46b, type: 3}
      propertyPath: m_LocalRotation.w
      value: -0.7071062
      objectReference: {fileID: 0}
    - target: {fileID: 6150490490920545439, guid: 940fcb206800ac348bd5908c35bcd46b, type: 3}
      propertyPath: m_LocalRotation.x
      value: -0.000000015454296
      objectReference: {fileID: 0}
    - target: {fileID: 6150490490920545439, guid: 940fcb206800ac348bd5908c35bcd46b, type: 3}
      propertyPath: m_LocalRotation.y
      value: 0.7071075
      objectReference: {fileID: 0}
    - target: {fileID: 6150490490920545439, guid: 940fcb206800ac348bd5908c35bcd46b, type: 3}
      propertyPath: m_LocalRotation.z
      value: 0.000000015454328
      objectReference: {fileID: 0}
    - target: {fileID: 6150490490920545439, guid: 940fcb206800ac348bd5908c35bcd46b, type: 3}
      propertyPath: m_LocalEulerAnglesHint.x
      value: 0
      objectReference: {fileID: 0}
    - target: {fileID: 6150490490920545439, guid: 940fcb206800ac348bd5908c35bcd46b, type: 3}
      propertyPath: m_LocalEulerAnglesHint.y
      value: 270
      objectReference: {fileID: 0}
    - target: {fileID: 6150490490920545439, guid: 940fcb206800ac348bd5908c35bcd46b, type: 3}
      propertyPath: m_LocalEulerAnglesHint.z
      value: 0
      objectReference: {fileID: 0}
    - target: {fileID: 8550734974218213428, guid: 940fcb206800ac348bd5908c35bcd46b, type: 3}
      propertyPath: m_Name
      value: Part_6
      objectReference: {fileID: 0}
    - target: {fileID: 8550734974218213428, guid: 940fcb206800ac348bd5908c35bcd46b, type: 3}
      propertyPath: m_Layer
      value: 8
      objectReference: {fileID: 0}
    m_RemovedComponents: []
  m_SourcePrefab: {fileID: 100100000, guid: 940fcb206800ac348bd5908c35bcd46b, type: 3}
--- !u!4 &1873050286104866790 stripped
Transform:
  m_CorrespondingSourceObject: {fileID: 6150490490920545439, guid: 940fcb206800ac348bd5908c35bcd46b, type: 3}
  m_PrefabInstance: {fileID: 5522688355386901369}
  m_PrefabAsset: {fileID: 0}
--- !u!1001 &6352070603449757942
PrefabInstance:
  m_ObjectHideFlags: 0
  serializedVersion: 2
  m_Modification:
    m_TransformParent: {fileID: 2857961712113215676}
    m_Modifications:
    - target: {fileID: 3558504228889305950, guid: e1afc4a32925a634f9bc45d538925b88, type: 3}
      propertyPath: m_RootOrder
      value: 3
      objectReference: {fileID: 0}
    - target: {fileID: 3558504228889305950, guid: e1afc4a32925a634f9bc45d538925b88, type: 3}
      propertyPath: m_LocalScale.x
      value: 1.0000002
      objectReference: {fileID: 0}
    - target: {fileID: 3558504228889305950, guid: e1afc4a32925a634f9bc45d538925b88, type: 3}
      propertyPath: m_LocalScale.z
      value: 1.0000002
      objectReference: {fileID: 0}
    - target: {fileID: 3558504228889305950, guid: e1afc4a32925a634f9bc45d538925b88, type: 3}
      propertyPath: m_LocalPosition.x
      value: -0.187
      objectReference: {fileID: 0}
    - target: {fileID: 3558504228889305950, guid: e1afc4a32925a634f9bc45d538925b88, type: 3}
      propertyPath: m_LocalPosition.y
      value: 0.9
      objectReference: {fileID: 0}
    - target: {fileID: 3558504228889305950, guid: e1afc4a32925a634f9bc45d538925b88, type: 3}
      propertyPath: m_LocalPosition.z
      value: -1.598
      objectReference: {fileID: 0}
    - target: {fileID: 3558504228889305950, guid: e1afc4a32925a634f9bc45d538925b88, type: 3}
      propertyPath: m_LocalRotation.w
      value: 0.9238797
      objectReference: {fileID: 0}
    - target: {fileID: 3558504228889305950, guid: e1afc4a32925a634f9bc45d538925b88, type: 3}
      propertyPath: m_LocalRotation.x
      value: 0.000000020192035
      objectReference: {fileID: 0}
    - target: {fileID: 3558504228889305950, guid: e1afc4a32925a634f9bc45d538925b88, type: 3}
      propertyPath: m_LocalRotation.y
      value: 0.3826832
      objectReference: {fileID: 0}
    - target: {fileID: 3558504228889305950, guid: e1afc4a32925a634f9bc45d538925b88, type: 3}
      propertyPath: m_LocalRotation.z
      value: 0.000000008363821
      objectReference: {fileID: 0}
    - target: {fileID: 3558504228889305950, guid: e1afc4a32925a634f9bc45d538925b88, type: 3}
      propertyPath: m_LocalEulerAnglesHint.x
      value: 0
      objectReference: {fileID: 0}
    - target: {fileID: 3558504228889305950, guid: e1afc4a32925a634f9bc45d538925b88, type: 3}
      propertyPath: m_LocalEulerAnglesHint.y
      value: 45.000004
      objectReference: {fileID: 0}
    - target: {fileID: 3558504228889305950, guid: e1afc4a32925a634f9bc45d538925b88, type: 3}
      propertyPath: m_LocalEulerAnglesHint.z
      value: 0
      objectReference: {fileID: 0}
    - target: {fileID: 5335905297485326004, guid: e1afc4a32925a634f9bc45d538925b88, type: 3}
      propertyPath: m_Name
      value: Part_5
      objectReference: {fileID: 0}
    - target: {fileID: 5335905297485326004, guid: e1afc4a32925a634f9bc45d538925b88, type: 3}
      propertyPath: m_Layer
      value: 8
      objectReference: {fileID: 0}
    m_RemovedComponents: []
  m_SourcePrefab: {fileID: 100100000, guid: e1afc4a32925a634f9bc45d538925b88, type: 3}
--- !u!4 &7585555120482341800 stripped
Transform:
  m_CorrespondingSourceObject: {fileID: 3558504228889305950, guid: e1afc4a32925a634f9bc45d538925b88, type: 3}
  m_PrefabInstance: {fileID: 6352070603449757942}
  m_PrefabAsset: {fileID: 0}
--- !u!1001 &6537296427988313735
PrefabInstance:
  m_ObjectHideFlags: 0
  serializedVersion: 2
  m_Modification:
    m_TransformParent: {fileID: 2857961712113215676}
    m_Modifications:
    - target: {fileID: 6150490490920545439, guid: 940fcb206800ac348bd5908c35bcd46b, type: 3}
      propertyPath: m_RootOrder
      value: 9
      objectReference: {fileID: 0}
    - target: {fileID: 6150490490920545439, guid: 940fcb206800ac348bd5908c35bcd46b, type: 3}
      propertyPath: m_LocalPosition.x
      value: -2.269
      objectReference: {fileID: 0}
    - target: {fileID: 6150490490920545439, guid: 940fcb206800ac348bd5908c35bcd46b, type: 3}
      propertyPath: m_LocalPosition.y
      value: 0.91
      objectReference: {fileID: 0}
    - target: {fileID: 6150490490920545439, guid: 940fcb206800ac348bd5908c35bcd46b, type: 3}
      propertyPath: m_LocalPosition.z
      value: -0.637
      objectReference: {fileID: 0}
    - target: {fileID: 6150490490920545439, guid: 940fcb206800ac348bd5908c35bcd46b, type: 3}
      propertyPath: m_LocalRotation.w
      value: 0.00000050663937
      objectReference: {fileID: 0}
    - target: {fileID: 6150490490920545439, guid: 940fcb206800ac348bd5908c35bcd46b, type: 3}
      propertyPath: m_LocalRotation.x
      value: 4.8574002e-15
      objectReference: {fileID: 0}
    - target: {fileID: 6150490490920545439, guid: 940fcb206800ac348bd5908c35bcd46b, type: 3}
      propertyPath: m_LocalRotation.y
      value: 1
      objectReference: {fileID: 0}
    - target: {fileID: 6150490490920545439, guid: 940fcb206800ac348bd5908c35bcd46b, type: 3}
      propertyPath: m_LocalRotation.z
      value: 0.000000021855698
      objectReference: {fileID: 0}
    - target: {fileID: 6150490490920545439, guid: 940fcb206800ac348bd5908c35bcd46b, type: 3}
      propertyPath: m_LocalEulerAnglesHint.x
      value: 0
      objectReference: {fileID: 0}
    - target: {fileID: 6150490490920545439, guid: 940fcb206800ac348bd5908c35bcd46b, type: 3}
      propertyPath: m_LocalEulerAnglesHint.y
      value: 180.00002
      objectReference: {fileID: 0}
    - target: {fileID: 6150490490920545439, guid: 940fcb206800ac348bd5908c35bcd46b, type: 3}
      propertyPath: m_LocalEulerAnglesHint.z
      value: 0
      objectReference: {fileID: 0}
    - target: {fileID: 8550734974218213428, guid: 940fcb206800ac348bd5908c35bcd46b, type: 3}
      propertyPath: m_Name
      value: Part_6
      objectReference: {fileID: 0}
    - target: {fileID: 8550734974218213428, guid: 940fcb206800ac348bd5908c35bcd46b, type: 3}
      propertyPath: m_Layer
      value: 8
      objectReference: {fileID: 0}
    m_RemovedComponents: []
  m_SourcePrefab: {fileID: 100100000, guid: 940fcb206800ac348bd5908c35bcd46b, type: 3}
--- !u!4 &1144981883295156760 stripped
Transform:
  m_CorrespondingSourceObject: {fileID: 6150490490920545439, guid: 940fcb206800ac348bd5908c35bcd46b, type: 3}
  m_PrefabInstance: {fileID: 6537296427988313735}
  m_PrefabAsset: {fileID: 0}
