%YAML 1.1
%TAG !u! tag:unity3d.com,2011:
--- !u!1 &6859107815533111646
GameObject:
  m_ObjectHideFlags: 0
  m_CorrespondingSourceObject: {fileID: 0}
  m_PrefabInstance: {fileID: 0}
  m_PrefabAsset: {fileID: 0}
  serializedVersion: 6
  m_Component:
  - component: {fileID: 1236670515270949360}
  - component: {fileID: 1840066548}
  - component: {fileID: 2202594413596599094}
  m_Layer: 8
  m_Name: House_2
  m_TagString: Untagged
  m_Icon: {fileID: 0}
  m_NavMeshLayer: 0
  m_StaticEditorFlags: 0
  m_IsActive: 1
--- !u!4 &1236670515270949360
Transform:
  m_ObjectHideFlags: 0
  m_CorrespondingSourceObject: {fileID: 0}
  m_PrefabInstance: {fileID: 0}
  m_PrefabAsset: {fileID: 0}
  m_GameObject: {fileID: 6859107815533111646}
  m_LocalRotation: {x: 0, y: 0, z: 0, w: 1}
  m_LocalPosition: {x: 0, y: 0, z: 0}
  m_LocalScale: {x: 1.3, y: 1.3, z: 1.3}
  m_Children:
  - {fileID: 823903257827711588}
  - {fileID: 915929838281038867}
  - {fileID: 3859589709347458145}
  - {fileID: 3157250348626112242}
  - {fileID: 750231896884781891}
  - {fileID: 1384519580202507081}
  - {fileID: 916961608037168204}
  - {fileID: 7511768708674193579}
  - {fileID: 4334702147366539177}
  - {fileID: 5406679690881417133}
  - {fileID: 4038429410391286547}
  - {fileID: 4507258594840578046}
  - {fileID: 5143891941876756258}
  - {fileID: 7758244915397617292}
  - {fileID: 6558800497803906775}
  - {fileID: 7594466355007314275}
  - {fileID: 4625480646379139264}
  - {fileID: 5743239006719081976}
  - {fileID: 5768778756601055307}
  - {fileID: 8559445098456320365}
  - {fileID: 7109228189827584198}
  - {fileID: 6648225019849317604}
  m_Father: {fileID: 0}
  m_RootOrder: 0
  m_LocalEulerAnglesHint: {x: 0, y: 0, z: 0}
--- !u!65 &1840066548
BoxCollider:
  m_ObjectHideFlags: 0
  m_CorrespondingSourceObject: {fileID: 0}
  m_PrefabInstance: {fileID: 0}
  m_PrefabAsset: {fileID: 0}
  m_GameObject: {fileID: 6859107815533111646}
  m_Material: {fileID: 0}
  m_IsTrigger: 0
  m_Enabled: 1
  serializedVersion: 2
  m_Size: {x: 4.6810627, y: 4.204982, z: 2.987935}
  m_Center: {x: -0.06240221, y: 1.6024913, z: -0.22602081}
--- !u!54 &2202594413596599094
Rigidbody:
  m_ObjectHideFlags: 0
  m_CorrespondingSourceObject: {fileID: 0}
  m_PrefabInstance: {fileID: 0}
  m_PrefabAsset: {fileID: 0}
  m_GameObject: {fileID: 6859107815533111646}
  serializedVersion: 2
  m_Mass: 1
  m_Drag: 0
  m_AngularDrag: 0.05
  m_UseGravity: 0
  m_IsKinematic: 1
  m_Interpolate: 0
  m_Constraints: 0
  m_CollisionDetection: 0
--- !u!1001 &384001366017320148
PrefabInstance:
  m_ObjectHideFlags: 0
  serializedVersion: 2
  m_Modification:
    m_TransformParent: {fileID: 1236670515270949360}
    m_Modifications:
    - target: {fileID: 6150490490920545439, guid: 940fcb206800ac348bd5908c35bcd46b, type: 3}
      propertyPath: m_RootOrder
      value: 18
      objectReference: {fileID: 0}
    - target: {fileID: 6150490490920545439, guid: 940fcb206800ac348bd5908c35bcd46b, type: 3}
      propertyPath: m_LocalPosition.x
      value: -1.02
      objectReference: {fileID: 0}
    - target: {fileID: 6150490490920545439, guid: 940fcb206800ac348bd5908c35bcd46b, type: 3}
      propertyPath: m_LocalPosition.y
      value: 2.65
      objectReference: {fileID: 0}
    - target: {fileID: 6150490490920545439, guid: 940fcb206800ac348bd5908c35bcd46b, type: 3}
      propertyPath: m_LocalPosition.z
      value: -1.66
      objectReference: {fileID: 0}
    - target: {fileID: 6150490490920545439, guid: 940fcb206800ac348bd5908c35bcd46b, type: 3}
      propertyPath: m_LocalRotation.w
      value: 0.7071068
      objectReference: {fileID: 0}
    - target: {fileID: 6150490490920545439, guid: 940fcb206800ac348bd5908c35bcd46b, type: 3}
      propertyPath: m_LocalRotation.x
      value: 0.000000015454312
      objectReference: {fileID: 0}
    - target: {fileID: 6150490490920545439, guid: 940fcb206800ac348bd5908c35bcd46b, type: 3}
      propertyPath: m_LocalRotation.y
      value: 0.70710677
      objectReference: {fileID: 0}
    - target: {fileID: 6150490490920545439, guid: 940fcb206800ac348bd5908c35bcd46b, type: 3}
      propertyPath: m_LocalRotation.z
      value: 0.00000001545431
      objectReference: {fileID: 0}
    - target: {fileID: 6150490490920545439, guid: 940fcb206800ac348bd5908c35bcd46b, type: 3}
      propertyPath: m_LocalEulerAnglesHint.x
      value: 0
      objectReference: {fileID: 0}
    - target: {fileID: 6150490490920545439, guid: 940fcb206800ac348bd5908c35bcd46b, type: 3}
      propertyPath: m_LocalEulerAnglesHint.y
      value: 90.00001
      objectReference: {fileID: 0}
    - target: {fileID: 6150490490920545439, guid: 940fcb206800ac348bd5908c35bcd46b, type: 3}
      propertyPath: m_LocalEulerAnglesHint.z
      value: 0
      objectReference: {fileID: 0}
    - target: {fileID: 8550734974218213428, guid: 940fcb206800ac348bd5908c35bcd46b, type: 3}
      propertyPath: m_Name
      value: Part_6
      objectReference: {fileID: 0}
    - target: {fileID: 8550734974218213428, guid: 940fcb206800ac348bd5908c35bcd46b, type: 3}
      propertyPath: m_Layer
      value: 8
      objectReference: {fileID: 0}
    m_RemovedComponents: []
  m_SourcePrefab: {fileID: 100100000, guid: 940fcb206800ac348bd5908c35bcd46b, type: 3}
--- !u!4 &5768778756601055307 stripped
Transform:
  m_CorrespondingSourceObject: {fileID: 6150490490920545439, guid: 940fcb206800ac348bd5908c35bcd46b, type: 3}
  m_PrefabInstance: {fileID: 384001366017320148}
  m_PrefabAsset: {fileID: 0}
--- !u!1001 &678137647539994701
PrefabInstance:
  m_ObjectHideFlags: 0
  serializedVersion: 2
  m_Modification:
    m_TransformParent: {fileID: 1236670515270949360}
    m_Modifications:
    - target: {fileID: 3558504228889305950, guid: e1afc4a32925a634f9bc45d538925b88, type: 3}
      propertyPath: m_RootOrder
      value: 10
      objectReference: {fileID: 0}
    - target: {fileID: 3558504228889305950, guid: e1afc4a32925a634f9bc45d538925b88, type: 3}
      propertyPath: m_LocalPosition.x
      value: 2.069
      objectReference: {fileID: 0}
    - target: {fileID: 3558504228889305950, guid: e1afc4a32925a634f9bc45d538925b88, type: 3}
      propertyPath: m_LocalPosition.y
      value: 2.69
      objectReference: {fileID: 0}
    - target: {fileID: 3558504228889305950, guid: e1afc4a32925a634f9bc45d538925b88, type: 3}
      propertyPath: m_LocalPosition.z
      value: -1.4670001
      objectReference: {fileID: 0}
    - target: {fileID: 3558504228889305950, guid: e1afc4a32925a634f9bc45d538925b88, type: 3}
      propertyPath: m_LocalRotation.w
      value: 0.9238795
      objectReference: {fileID: 0}
    - target: {fileID: 3558504228889305950, guid: e1afc4a32925a634f9bc45d538925b88, type: 3}
      propertyPath: m_LocalRotation.x
      value: 0.000000020192031
      objectReference: {fileID: 0}
    - target: {fileID: 3558504228889305950, guid: e1afc4a32925a634f9bc45d538925b88, type: 3}
      propertyPath: m_LocalRotation.y
      value: 0.3826836
      objectReference: {fileID: 0}
    - target: {fileID: 3558504228889305950, guid: e1afc4a32925a634f9bc45d538925b88, type: 3}
      propertyPath: m_LocalRotation.z
      value: 0.000000008363819
      objectReference: {fileID: 0}
    - target: {fileID: 3558504228889305950, guid: e1afc4a32925a634f9bc45d538925b88, type: 3}
      propertyPath: m_LocalEulerAnglesHint.x
      value: 0
      objectReference: {fileID: 0}
    - target: {fileID: 3558504228889305950, guid: e1afc4a32925a634f9bc45d538925b88, type: 3}
      propertyPath: m_LocalEulerAnglesHint.y
      value: 45.000004
      objectReference: {fileID: 0}
    - target: {fileID: 3558504228889305950, guid: e1afc4a32925a634f9bc45d538925b88, type: 3}
      propertyPath: m_LocalEulerAnglesHint.z
      value: 0
      objectReference: {fileID: 0}
    - target: {fileID: 5335905297485326004, guid: e1afc4a32925a634f9bc45d538925b88, type: 3}
      propertyPath: m_Name
      value: Part_5
      objectReference: {fileID: 0}
    - target: {fileID: 5335905297485326004, guid: e1afc4a32925a634f9bc45d538925b88, type: 3}
      propertyPath: m_Layer
      value: 8
      objectReference: {fileID: 0}
    m_RemovedComponents: []
  m_SourcePrefab: {fileID: 100100000, guid: e1afc4a32925a634f9bc45d538925b88, type: 3}
--- !u!4 &4038429410391286547 stripped
Transform:
  m_CorrespondingSourceObject: {fileID: 3558504228889305950, guid: e1afc4a32925a634f9bc45d538925b88, type: 3}
  m_PrefabInstance: {fileID: 678137647539994701}
  m_PrefabAsset: {fileID: 0}
--- !u!1001 &720602974644051215
PrefabInstance:
  m_ObjectHideFlags: 0
  serializedVersion: 2
  m_Modification:
    m_TransformParent: {fileID: 1236670515270949360}
    m_Modifications:
    - target: {fileID: 103318031184430955, guid: 637801fafc1adf04cb3cf20840cfffb3, type: 3}
      propertyPath: m_RootOrder
      value: 0
      objectReference: {fileID: 0}
    - target: {fileID: 103318031184430955, guid: 637801fafc1adf04cb3cf20840cfffb3, type: 3}
      propertyPath: m_LocalPosition.x
      value: -0
      objectReference: {fileID: 0}
    - target: {fileID: 103318031184430955, guid: 637801fafc1adf04cb3cf20840cfffb3, type: 3}
      propertyPath: m_LocalPosition.y
      value: 1.77
      objectReference: {fileID: 0}
    - target: {fileID: 103318031184430955, guid: 637801fafc1adf04cb3cf20840cfffb3, type: 3}
      propertyPath: m_LocalPosition.z
      value: -0.53
      objectReference: {fileID: 0}
    - target: {fileID: 103318031184430955, guid: 637801fafc1adf04cb3cf20840cfffb3, type: 3}
      propertyPath: m_LocalRotation.w
      value: 0.00000044703478
      objectReference: {fileID: 0}
    - target: {fileID: 103318031184430955, guid: 637801fafc1adf04cb3cf20840cfffb3, type: 3}
      propertyPath: m_LocalRotation.x
      value: 1.6035457e-14
      objectReference: {fileID: 0}
    - target: {fileID: 103318031184430955, guid: 637801fafc1adf04cb3cf20840cfffb3, type: 3}
      propertyPath: m_LocalRotation.y
      value: -1
      objectReference: {fileID: 0}
    - target: {fileID: 103318031184430955, guid: 637801fafc1adf04cb3cf20840cfffb3, type: 3}
      propertyPath: m_LocalRotation.z
      value: -0.000000021855694
      objectReference: {fileID: 0}
    - target: {fileID: 103318031184430955, guid: 637801fafc1adf04cb3cf20840cfffb3, type: 3}
      propertyPath: m_LocalEulerAnglesHint.x
      value: 0
      objectReference: {fileID: 0}
    - target: {fileID: 103318031184430955, guid: 637801fafc1adf04cb3cf20840cfffb3, type: 3}
      propertyPath: m_LocalEulerAnglesHint.y
      value: -180.00002
      objectReference: {fileID: 0}
    - target: {fileID: 103318031184430955, guid: 637801fafc1adf04cb3cf20840cfffb3, type: 3}
      propertyPath: m_LocalEulerAnglesHint.z
      value: 0
      objectReference: {fileID: 0}
    - target: {fileID: 5693187942752966488, guid: 637801fafc1adf04cb3cf20840cfffb3, type: 3}
      propertyPath: m_Name
      value: Part_1
      objectReference: {fileID: 0}
    m_RemovedComponents: []
  m_SourcePrefab: {fileID: 100100000, guid: 637801fafc1adf04cb3cf20840cfffb3, type: 3}
--- !u!4 &823903257827711588 stripped
Transform:
  m_CorrespondingSourceObject: {fileID: 103318031184430955, guid: 637801fafc1adf04cb3cf20840cfffb3, type: 3}
  m_PrefabInstance: {fileID: 720602974644051215}
  m_PrefabAsset: {fileID: 0}
--- !u!1001 &956359736612875511
PrefabInstance:
  m_ObjectHideFlags: 0
  serializedVersion: 2
  m_Modification:
    m_TransformParent: {fileID: 1236670515270949360}
    m_Modifications:
    - target: {fileID: 3558504228889305950, guid: e1afc4a32925a634f9bc45d538925b88, type: 3}
      propertyPath: m_RootOrder
      value: 8
      objectReference: {fileID: 0}
    - target: {fileID: 3558504228889305950, guid: e1afc4a32925a634f9bc45d538925b88, type: 3}
      propertyPath: m_LocalPosition.x
      value: 2.061
      objectReference: {fileID: 0}
    - target: {fileID: 3558504228889305950, guid: e1afc4a32925a634f9bc45d538925b88, type: 3}
      propertyPath: m_LocalPosition.y
      value: 2.69
      objectReference: {fileID: 0}
    - target: {fileID: 3558504228889305950, guid: e1afc4a32925a634f9bc45d538925b88, type: 3}
      propertyPath: m_LocalPosition.z
      value: 0.9229999
      objectReference: {fileID: 0}
    - target: {fileID: 3558504228889305950, guid: e1afc4a32925a634f9bc45d538925b88, type: 3}
      propertyPath: m_LocalRotation.w
      value: 0.9238797
      objectReference: {fileID: 0}
    - target: {fileID: 3558504228889305950, guid: e1afc4a32925a634f9bc45d538925b88, type: 3}
      propertyPath: m_LocalRotation.x
      value: 0.000000020192033
      objectReference: {fileID: 0}
    - target: {fileID: 3558504228889305950, guid: e1afc4a32925a634f9bc45d538925b88, type: 3}
      propertyPath: m_LocalRotation.y
      value: -0.38268325
      objectReference: {fileID: 0}
    - target: {fileID: 3558504228889305950, guid: e1afc4a32925a634f9bc45d538925b88, type: 3}
      propertyPath: m_LocalRotation.z
      value: -0.00000000836381
      objectReference: {fileID: 0}
    - target: {fileID: 3558504228889305950, guid: e1afc4a32925a634f9bc45d538925b88, type: 3}
      propertyPath: m_LocalEulerAnglesHint.x
      value: 0
      objectReference: {fileID: 0}
    - target: {fileID: 3558504228889305950, guid: e1afc4a32925a634f9bc45d538925b88, type: 3}
      propertyPath: m_LocalEulerAnglesHint.y
      value: -45.000004
      objectReference: {fileID: 0}
    - target: {fileID: 3558504228889305950, guid: e1afc4a32925a634f9bc45d538925b88, type: 3}
      propertyPath: m_LocalEulerAnglesHint.z
      value: 0
      objectReference: {fileID: 0}
    - target: {fileID: 5335905297485326004, guid: e1afc4a32925a634f9bc45d538925b88, type: 3}
      propertyPath: m_Name
      value: Part_5
      objectReference: {fileID: 0}
    - target: {fileID: 5335905297485326004, guid: e1afc4a32925a634f9bc45d538925b88, type: 3}
      propertyPath: m_Layer
      value: 8
      objectReference: {fileID: 0}
    m_RemovedComponents: []
  m_SourcePrefab: {fileID: 100100000, guid: e1afc4a32925a634f9bc45d538925b88, type: 3}
--- !u!4 &4334702147366539177 stripped
Transform:
  m_CorrespondingSourceObject: {fileID: 3558504228889305950, guid: e1afc4a32925a634f9bc45d538925b88, type: 3}
  m_PrefabInstance: {fileID: 956359736612875511}
  m_PrefabAsset: {fileID: 0}
--- !u!1001 &997835829647252344
PrefabInstance:
  m_ObjectHideFlags: 0
  serializedVersion: 2
  m_Modification:
    m_TransformParent: {fileID: 1236670515270949360}
    m_Modifications:
    - target: {fileID: 103318031184430955, guid: 637801fafc1adf04cb3cf20840cfffb3, type: 3}
      propertyPath: m_RootOrder
      value: 1
      objectReference: {fileID: 0}
    - target: {fileID: 103318031184430955, guid: 637801fafc1adf04cb3cf20840cfffb3, type: 3}
      propertyPath: m_LocalPosition.x
      value: 0
      objectReference: {fileID: 0}
    - target: {fileID: 103318031184430955, guid: 637801fafc1adf04cb3cf20840cfffb3, type: 3}
      propertyPath: m_LocalPosition.y
      value: 0
      objectReference: {fileID: 0}
    - target: {fileID: 103318031184430955, guid: 637801fafc1adf04cb3cf20840cfffb3, type: 3}
      propertyPath: m_LocalPosition.z
      value: 0
      objectReference: {fileID: 0}
    - target: {fileID: 103318031184430955, guid: 637801fafc1adf04cb3cf20840cfffb3, type: 3}
      propertyPath: m_LocalRotation.w
      value: 1
      objectReference: {fileID: 0}
    - target: {fileID: 103318031184430955, guid: 637801fafc1adf04cb3cf20840cfffb3, type: 3}
      propertyPath: m_LocalRotation.x
      value: 0.000000021855694
      objectReference: {fileID: 0}
    - target: {fileID: 103318031184430955, guid: 637801fafc1adf04cb3cf20840cfffb3, type: 3}
      propertyPath: m_LocalRotation.y
      value: -0.0000001509958
      objectReference: {fileID: 0}
    - target: {fileID: 103318031184430955, guid: 637801fafc1adf04cb3cf20840cfffb3, type: 3}
      propertyPath: m_LocalRotation.z
      value: 3.300118e-15
      objectReference: {fileID: 0}
    - target: {fileID: 103318031184430955, guid: 637801fafc1adf04cb3cf20840cfffb3, type: 3}
      propertyPath: m_LocalEulerAnglesHint.x
      value: 0
      objectReference: {fileID: 0}
    - target: {fileID: 103318031184430955, guid: 637801fafc1adf04cb3cf20840cfffb3, type: 3}
      propertyPath: m_LocalEulerAnglesHint.y
      value: 0
      objectReference: {fileID: 0}
    - target: {fileID: 103318031184430955, guid: 637801fafc1adf04cb3cf20840cfffb3, type: 3}
      propertyPath: m_LocalEulerAnglesHint.z
      value: 0
      objectReference: {fileID: 0}
    - target: {fileID: 5693187942752966488, guid: 637801fafc1adf04cb3cf20840cfffb3, type: 3}
      propertyPath: m_Name
      value: Part_1
      objectReference: {fileID: 0}
    m_RemovedComponents: []
  m_SourcePrefab: {fileID: 100100000, guid: 637801fafc1adf04cb3cf20840cfffb3, type: 3}
--- !u!4 &915929838281038867 stripped
Transform:
  m_CorrespondingSourceObject: {fileID: 103318031184430955, guid: 637801fafc1adf04cb3cf20840cfffb3, type: 3}
  m_PrefabInstance: {fileID: 997835829647252344}
  m_PrefabAsset: {fileID: 0}
--- !u!1001 &1035657276485886536
PrefabInstance:
  m_ObjectHideFlags: 0
  serializedVersion: 2
  m_Modification:
    m_TransformParent: {fileID: 1236670515270949360}
    m_Modifications:
    - target: {fileID: 6150490490920545439, guid: 940fcb206800ac348bd5908c35bcd46b, type: 3}
      propertyPath: m_RootOrder
      value: 14
      objectReference: {fileID: 0}
    - target: {fileID: 6150490490920545439, guid: 940fcb206800ac348bd5908c35bcd46b, type: 3}
      propertyPath: m_LocalPosition.x
      value: 0.934
      objectReference: {fileID: 0}
    - target: {fileID: 6150490490920545439, guid: 940fcb206800ac348bd5908c35bcd46b, type: 3}
      propertyPath: m_LocalPosition.y
      value: 0.953
      objectReference: {fileID: 0}
    - target: {fileID: 6150490490920545439, guid: 940fcb206800ac348bd5908c35bcd46b, type: 3}
      propertyPath: m_LocalPosition.z
      value: 1.128
      objectReference: {fileID: 0}
    - target: {fileID: 6150490490920545439, guid: 940fcb206800ac348bd5908c35bcd46b, type: 3}
      propertyPath: m_LocalRotation.w
      value: -0.7071064
      objectReference: {fileID: 0}
    - target: {fileID: 6150490490920545439, guid: 940fcb206800ac348bd5908c35bcd46b, type: 3}
      propertyPath: m_LocalRotation.x
      value: -0.000000015454301
      objectReference: {fileID: 0}
    - target: {fileID: 6150490490920545439, guid: 940fcb206800ac348bd5908c35bcd46b, type: 3}
      propertyPath: m_LocalRotation.y
      value: 0.7071072
      objectReference: {fileID: 0}
    - target: {fileID: 6150490490920545439, guid: 940fcb206800ac348bd5908c35bcd46b, type: 3}
      propertyPath: m_LocalRotation.z
      value: 0.000000015454317
      objectReference: {fileID: 0}
    - target: {fileID: 6150490490920545439, guid: 940fcb206800ac348bd5908c35bcd46b, type: 3}
      propertyPath: m_LocalEulerAnglesHint.x
      value: 0
      objectReference: {fileID: 0}
    - target: {fileID: 6150490490920545439, guid: 940fcb206800ac348bd5908c35bcd46b, type: 3}
      propertyPath: m_LocalEulerAnglesHint.y
      value: 270
      objectReference: {fileID: 0}
    - target: {fileID: 6150490490920545439, guid: 940fcb206800ac348bd5908c35bcd46b, type: 3}
      propertyPath: m_LocalEulerAnglesHint.z
      value: 0
      objectReference: {fileID: 0}
    - target: {fileID: 8550734974218213428, guid: 940fcb206800ac348bd5908c35bcd46b, type: 3}
      propertyPath: m_Name
      value: Part_6
      objectReference: {fileID: 0}
    - target: {fileID: 8550734974218213428, guid: 940fcb206800ac348bd5908c35bcd46b, type: 3}
      propertyPath: m_Layer
      value: 8
      objectReference: {fileID: 0}
    m_RemovedComponents: []
  m_SourcePrefab: {fileID: 100100000, guid: 940fcb206800ac348bd5908c35bcd46b, type: 3}
--- !u!4 &6558800497803906775 stripped
Transform:
  m_CorrespondingSourceObject: {fileID: 6150490490920545439, guid: 940fcb206800ac348bd5908c35bcd46b, type: 3}
  m_PrefabInstance: {fileID: 1035657276485886536}
  m_PrefabAsset: {fileID: 0}
--- !u!1001 &1148039062270026912
PrefabInstance:
  m_ObjectHideFlags: 0
  serializedVersion: 2
  m_Modification:
    m_TransformParent: {fileID: 1236670515270949360}
    m_Modifications:
    - target: {fileID: 3558504228889305950, guid: e1afc4a32925a634f9bc45d538925b88, type: 3}
      propertyPath: m_RootOrder
      value: 11
      objectReference: {fileID: 0}
    - target: {fileID: 3558504228889305950, guid: e1afc4a32925a634f9bc45d538925b88, type: 3}
      propertyPath: m_LocalScale.x
      value: 1.0000005
      objectReference: {fileID: 0}
    - target: {fileID: 3558504228889305950, guid: e1afc4a32925a634f9bc45d538925b88, type: 3}
      propertyPath: m_LocalScale.z
      value: 1.0000005
      objectReference: {fileID: 0}
    - target: {fileID: 3558504228889305950, guid: e1afc4a32925a634f9bc45d538925b88, type: 3}
      propertyPath: m_LocalPosition.x
      value: -2.065
      objectReference: {fileID: 0}
    - target: {fileID: 3558504228889305950, guid: e1afc4a32925a634f9bc45d538925b88, type: 3}
      propertyPath: m_LocalPosition.y
      value: 2.69
      objectReference: {fileID: 0}
    - target: {fileID: 3558504228889305950, guid: e1afc4a32925a634f9bc45d538925b88, type: 3}
      propertyPath: m_LocalPosition.z
      value: -1.45
      objectReference: {fileID: 0}
    - target: {fileID: 3558504228889305950, guid: e1afc4a32925a634f9bc45d538925b88, type: 3}
      propertyPath: m_LocalRotation.w
      value: -0.38268358
      objectReference: {fileID: 0}
    - target: {fileID: 3558504228889305950, guid: e1afc4a32925a634f9bc45d538925b88, type: 3}
      propertyPath: m_LocalRotation.x
      value: -0.000000008363817
      objectReference: {fileID: 0}
    - target: {fileID: 3558504228889305950, guid: e1afc4a32925a634f9bc45d538925b88, type: 3}
      propertyPath: m_LocalRotation.y
      value: -0.9238795
      objectReference: {fileID: 0}
    - target: {fileID: 3558504228889305950, guid: e1afc4a32925a634f9bc45d538925b88, type: 3}
      propertyPath: m_LocalRotation.z
      value: -0.000000020192028
      objectReference: {fileID: 0}
    - target: {fileID: 3558504228889305950, guid: e1afc4a32925a634f9bc45d538925b88, type: 3}
      propertyPath: m_LocalEulerAnglesHint.x
      value: 0
      objectReference: {fileID: 0}
    - target: {fileID: 3558504228889305950, guid: e1afc4a32925a634f9bc45d538925b88, type: 3}
      propertyPath: m_LocalEulerAnglesHint.y
      value: -225
      objectReference: {fileID: 0}
    - target: {fileID: 3558504228889305950, guid: e1afc4a32925a634f9bc45d538925b88, type: 3}
      propertyPath: m_LocalEulerAnglesHint.z
      value: 0
      objectReference: {fileID: 0}
    - target: {fileID: 5335905297485326004, guid: e1afc4a32925a634f9bc45d538925b88, type: 3}
      propertyPath: m_Name
      value: Part_5
      objectReference: {fileID: 0}
    - target: {fileID: 5335905297485326004, guid: e1afc4a32925a634f9bc45d538925b88, type: 3}
      propertyPath: m_Layer
      value: 8
      objectReference: {fileID: 0}
    m_RemovedComponents: []
  m_SourcePrefab: {fileID: 100100000, guid: e1afc4a32925a634f9bc45d538925b88, type: 3}
--- !u!4 &4507258594840578046 stripped
Transform:
  m_CorrespondingSourceObject: {fileID: 3558504228889305950, guid: e1afc4a32925a634f9bc45d538925b88, type: 3}
  m_PrefabInstance: {fileID: 1148039062270026912}
  m_PrefabAsset: {fileID: 0}
--- !u!1001 &1312844321949631421
PrefabInstance:
  m_ObjectHideFlags: 0
  serializedVersion: 2
  m_Modification:
    m_TransformParent: {fileID: 1236670515270949360}
    m_Modifications:
    - target: {fileID: 6150490490920545439, guid: 940fcb206800ac348bd5908c35bcd46b, type: 3}
      propertyPath: m_RootOrder
      value: 12
      objectReference: {fileID: 0}
    - target: {fileID: 6150490490920545439, guid: 940fcb206800ac348bd5908c35bcd46b, type: 3}
      propertyPath: m_LocalPosition.x
      value: -1.02
      objectReference: {fileID: 0}
    - target: {fileID: 6150490490920545439, guid: 940fcb206800ac348bd5908c35bcd46b, type: 3}
      propertyPath: m_LocalPosition.y
      value: 0.953
      objectReference: {fileID: 0}
    - target: {fileID: 6150490490920545439, guid: 940fcb206800ac348bd5908c35bcd46b, type: 3}
      propertyPath: m_LocalPosition.z
      value: -1.663
      objectReference: {fileID: 0}
    - target: {fileID: 6150490490920545439, guid: 940fcb206800ac348bd5908c35bcd46b, type: 3}
      propertyPath: m_LocalRotation.w
      value: 0.7071068
      objectReference: {fileID: 0}
    - target: {fileID: 6150490490920545439, guid: 940fcb206800ac348bd5908c35bcd46b, type: 3}
      propertyPath: m_LocalRotation.x
      value: 0.000000015454312
      objectReference: {fileID: 0}
    - target: {fileID: 6150490490920545439, guid: 940fcb206800ac348bd5908c35bcd46b, type: 3}
      propertyPath: m_LocalRotation.y
      value: 0.70710677
      objectReference: {fileID: 0}
    - target: {fileID: 6150490490920545439, guid: 940fcb206800ac348bd5908c35bcd46b, type: 3}
      propertyPath: m_LocalRotation.z
      value: 0.00000001545431
      objectReference: {fileID: 0}
    - target: {fileID: 6150490490920545439, guid: 940fcb206800ac348bd5908c35bcd46b, type: 3}
      propertyPath: m_LocalEulerAnglesHint.x
      value: 0
      objectReference: {fileID: 0}
    - target: {fileID: 6150490490920545439, guid: 940fcb206800ac348bd5908c35bcd46b, type: 3}
      propertyPath: m_LocalEulerAnglesHint.y
      value: 90.00001
      objectReference: {fileID: 0}
    - target: {fileID: 6150490490920545439, guid: 940fcb206800ac348bd5908c35bcd46b, type: 3}
      propertyPath: m_LocalEulerAnglesHint.z
      value: 0
      objectReference: {fileID: 0}
    - target: {fileID: 8550734974218213428, guid: 940fcb206800ac348bd5908c35bcd46b, type: 3}
      propertyPath: m_Name
      value: Part_6
      objectReference: {fileID: 0}
    - target: {fileID: 8550734974218213428, guid: 940fcb206800ac348bd5908c35bcd46b, type: 3}
      propertyPath: m_Layer
      value: 8
      objectReference: {fileID: 0}
    m_RemovedComponents: []
  m_SourcePrefab: {fileID: 100100000, guid: 940fcb206800ac348bd5908c35bcd46b, type: 3}
--- !u!4 &5143891941876756258 stripped
Transform:
  m_CorrespondingSourceObject: {fileID: 6150490490920545439, guid: 940fcb206800ac348bd5908c35bcd46b, type: 3}
  m_PrefabInstance: {fileID: 1312844321949631421}
  m_PrefabAsset: {fileID: 0}
--- !u!1001 &1543587502854757471
PrefabInstance:
  m_ObjectHideFlags: 0
  serializedVersion: 2
  m_Modification:
    m_TransformParent: {fileID: 1236670515270949360}
    m_Modifications:
    - target: {fileID: 6150490490920545439, guid: 940fcb206800ac348bd5908c35bcd46b, type: 3}
      propertyPath: m_RootOrder
      value: 16
      objectReference: {fileID: 0}
    - target: {fileID: 6150490490920545439, guid: 940fcb206800ac348bd5908c35bcd46b, type: 3}
      propertyPath: m_LocalPosition.x
      value: 0.934
      objectReference: {fileID: 0}
    - target: {fileID: 6150490490920545439, guid: 940fcb206800ac348bd5908c35bcd46b, type: 3}
      propertyPath: m_LocalPosition.y
      value: 2.685
      objectReference: {fileID: 0}
    - target: {fileID: 6150490490920545439, guid: 940fcb206800ac348bd5908c35bcd46b, type: 3}
      propertyPath: m_LocalPosition.z
      value: 1.128
      objectReference: {fileID: 0}
    - target: {fileID: 6150490490920545439, guid: 940fcb206800ac348bd5908c35bcd46b, type: 3}
      propertyPath: m_LocalRotation.w
      value: -0.7071064
      objectReference: {fileID: 0}
    - target: {fileID: 6150490490920545439, guid: 940fcb206800ac348bd5908c35bcd46b, type: 3}
      propertyPath: m_LocalRotation.x
      value: -0.000000015454301
      objectReference: {fileID: 0}
    - target: {fileID: 6150490490920545439, guid: 940fcb206800ac348bd5908c35bcd46b, type: 3}
      propertyPath: m_LocalRotation.y
      value: 0.7071072
      objectReference: {fileID: 0}
    - target: {fileID: 6150490490920545439, guid: 940fcb206800ac348bd5908c35bcd46b, type: 3}
      propertyPath: m_LocalRotation.z
      value: 0.000000015454317
      objectReference: {fileID: 0}
    - target: {fileID: 6150490490920545439, guid: 940fcb206800ac348bd5908c35bcd46b, type: 3}
      propertyPath: m_LocalEulerAnglesHint.x
      value: 0
      objectReference: {fileID: 0}
    - target: {fileID: 6150490490920545439, guid: 940fcb206800ac348bd5908c35bcd46b, type: 3}
      propertyPath: m_LocalEulerAnglesHint.y
      value: 270
      objectReference: {fileID: 0}
    - target: {fileID: 6150490490920545439, guid: 940fcb206800ac348bd5908c35bcd46b, type: 3}
      propertyPath: m_LocalEulerAnglesHint.z
      value: 0
      objectReference: {fileID: 0}
    - target: {fileID: 8550734974218213428, guid: 940fcb206800ac348bd5908c35bcd46b, type: 3}
      propertyPath: m_Name
      value: Part_6
      objectReference: {fileID: 0}
    - target: {fileID: 8550734974218213428, guid: 940fcb206800ac348bd5908c35bcd46b, type: 3}
      propertyPath: m_Layer
      value: 8
      objectReference: {fileID: 0}
    m_RemovedComponents: []
  m_SourcePrefab: {fileID: 100100000, guid: 940fcb206800ac348bd5908c35bcd46b, type: 3}
--- !u!4 &4625480646379139264 stripped
Transform:
  m_CorrespondingSourceObject: {fileID: 6150490490920545439, guid: 940fcb206800ac348bd5908c35bcd46b, type: 3}
  m_PrefabInstance: {fileID: 1543587502854757471}
  m_PrefabAsset: {fileID: 0}
--- !u!1001 &1923765780176588204
PrefabInstance:
  m_ObjectHideFlags: 0
  serializedVersion: 2
  m_Modification:
    m_TransformParent: {fileID: 1236670515270949360}
    m_Modifications:
    - target: {fileID: 3558504228889305950, guid: e1afc4a32925a634f9bc45d538925b88, type: 3}
      propertyPath: m_RootOrder
      value: 3
      objectReference: {fileID: 0}
    - target: {fileID: 3558504228889305950, guid: e1afc4a32925a634f9bc45d538925b88, type: 3}
      propertyPath: m_LocalPosition.x
      value: 2.061
      objectReference: {fileID: 0}
    - target: {fileID: 3558504228889305950, guid: e1afc4a32925a634f9bc45d538925b88, type: 3}
      propertyPath: m_LocalPosition.y
      value: 0.89
      objectReference: {fileID: 0}
    - target: {fileID: 3558504228889305950, guid: e1afc4a32925a634f9bc45d538925b88, type: 3}
      propertyPath: m_LocalPosition.z
      value: 0.92
      objectReference: {fileID: 0}
    - target: {fileID: 3558504228889305950, guid: e1afc4a32925a634f9bc45d538925b88, type: 3}
      propertyPath: m_LocalRotation.w
      value: 0.9238797
      objectReference: {fileID: 0}
    - target: {fileID: 3558504228889305950, guid: e1afc4a32925a634f9bc45d538925b88, type: 3}
      propertyPath: m_LocalRotation.x
      value: 0.000000020192033
      objectReference: {fileID: 0}
    - target: {fileID: 3558504228889305950, guid: e1afc4a32925a634f9bc45d538925b88, type: 3}
      propertyPath: m_LocalRotation.y
      value: -0.38268325
      objectReference: {fileID: 0}
    - target: {fileID: 3558504228889305950, guid: e1afc4a32925a634f9bc45d538925b88, type: 3}
      propertyPath: m_LocalRotation.z
      value: -0.00000000836381
      objectReference: {fileID: 0}
    - target: {fileID: 3558504228889305950, guid: e1afc4a32925a634f9bc45d538925b88, type: 3}
      propertyPath: m_LocalEulerAnglesHint.x
      value: 0
      objectReference: {fileID: 0}
    - target: {fileID: 3558504228889305950, guid: e1afc4a32925a634f9bc45d538925b88, type: 3}
      propertyPath: m_LocalEulerAnglesHint.y
      value: -45.000004
      objectReference: {fileID: 0}
    - target: {fileID: 3558504228889305950, guid: e1afc4a32925a634f9bc45d538925b88, type: 3}
      propertyPath: m_LocalEulerAnglesHint.z
      value: 0
      objectReference: {fileID: 0}
    - target: {fileID: 5335905297485326004, guid: e1afc4a32925a634f9bc45d538925b88, type: 3}
      propertyPath: m_Name
      value: Part_5
      objectReference: {fileID: 0}
    - target: {fileID: 5335905297485326004, guid: e1afc4a32925a634f9bc45d538925b88, type: 3}
      propertyPath: m_Layer
      value: 8
      objectReference: {fileID: 0}
    m_RemovedComponents: []
  m_SourcePrefab: {fileID: 100100000, guid: e1afc4a32925a634f9bc45d538925b88, type: 3}
--- !u!4 &3157250348626112242 stripped
Transform:
  m_CorrespondingSourceObject: {fileID: 3558504228889305950, guid: e1afc4a32925a634f9bc45d538925b88, type: 3}
  m_PrefabInstance: {fileID: 1923765780176588204}
  m_PrefabAsset: {fileID: 0}
--- !u!1001 &1940765503527375207
PrefabInstance:
  m_ObjectHideFlags: 0
  serializedVersion: 2
  m_Modification:
    m_TransformParent: {fileID: 1236670515270949360}
    m_Modifications:
    - target: {fileID: 6150490490920545439, guid: 940fcb206800ac348bd5908c35bcd46b, type: 3}
      propertyPath: m_RootOrder
      value: 17
      objectReference: {fileID: 0}
    - target: {fileID: 6150490490920545439, guid: 940fcb206800ac348bd5908c35bcd46b, type: 3}
      propertyPath: m_LocalPosition.x
      value: -1.05
      objectReference: {fileID: 0}
    - target: {fileID: 6150490490920545439, guid: 940fcb206800ac348bd5908c35bcd46b, type: 3}
      propertyPath: m_LocalPosition.y
      value: 2.685
      objectReference: {fileID: 0}
    - target: {fileID: 6150490490920545439, guid: 940fcb206800ac348bd5908c35bcd46b, type: 3}
      propertyPath: m_LocalPosition.z
      value: 1.128
      objectReference: {fileID: 0}
    - target: {fileID: 6150490490920545439, guid: 940fcb206800ac348bd5908c35bcd46b, type: 3}
      propertyPath: m_LocalRotation.w
      value: -0.7071064
      objectReference: {fileID: 0}
    - target: {fileID: 6150490490920545439, guid: 940fcb206800ac348bd5908c35bcd46b, type: 3}
      propertyPath: m_LocalRotation.x
      value: -0.000000015454301
      objectReference: {fileID: 0}
    - target: {fileID: 6150490490920545439, guid: 940fcb206800ac348bd5908c35bcd46b, type: 3}
      propertyPath: m_LocalRotation.y
      value: 0.7071072
      objectReference: {fileID: 0}
    - target: {fileID: 6150490490920545439, guid: 940fcb206800ac348bd5908c35bcd46b, type: 3}
      propertyPath: m_LocalRotation.z
      value: 0.000000015454317
      objectReference: {fileID: 0}
    - target: {fileID: 6150490490920545439, guid: 940fcb206800ac348bd5908c35bcd46b, type: 3}
      propertyPath: m_LocalEulerAnglesHint.x
      value: 0
      objectReference: {fileID: 0}
    - target: {fileID: 6150490490920545439, guid: 940fcb206800ac348bd5908c35bcd46b, type: 3}
      propertyPath: m_LocalEulerAnglesHint.y
      value: 270
      objectReference: {fileID: 0}
    - target: {fileID: 6150490490920545439, guid: 940fcb206800ac348bd5908c35bcd46b, type: 3}
      propertyPath: m_LocalEulerAnglesHint.z
      value: 0
      objectReference: {fileID: 0}
    - target: {fileID: 8550734974218213428, guid: 940fcb206800ac348bd5908c35bcd46b, type: 3}
      propertyPath: m_Name
      value: Part_6
      objectReference: {fileID: 0}
    - target: {fileID: 8550734974218213428, guid: 940fcb206800ac348bd5908c35bcd46b, type: 3}
      propertyPath: m_Layer
      value: 8
      objectReference: {fileID: 0}
    m_RemovedComponents: []
  m_SourcePrefab: {fileID: 100100000, guid: 940fcb206800ac348bd5908c35bcd46b, type: 3}
--- !u!4 &5743239006719081976 stripped
Transform:
  m_CorrespondingSourceObject: {fileID: 6150490490920545439, guid: 940fcb206800ac348bd5908c35bcd46b, type: 3}
  m_PrefabInstance: {fileID: 1940765503527375207}
  m_PrefabAsset: {fileID: 0}
--- !u!1001 &2473766502590265367
PrefabInstance:
  m_ObjectHideFlags: 0
  serializedVersion: 2
  m_Modification:
    m_TransformParent: {fileID: 1236670515270949360}
    m_Modifications:
    - target: {fileID: 3558504228889305950, guid: e1afc4a32925a634f9bc45d538925b88, type: 3}
      propertyPath: m_RootOrder
      value: 5
      objectReference: {fileID: 0}
    - target: {fileID: 3558504228889305950, guid: e1afc4a32925a634f9bc45d538925b88, type: 3}
      propertyPath: m_LocalPosition.x
      value: 2.069
      objectReference: {fileID: 0}
    - target: {fileID: 3558504228889305950, guid: e1afc4a32925a634f9bc45d538925b88, type: 3}
      propertyPath: m_LocalPosition.y
      value: 0.89
      objectReference: {fileID: 0}
    - target: {fileID: 3558504228889305950, guid: e1afc4a32925a634f9bc45d538925b88, type: 3}
      propertyPath: m_LocalPosition.z
      value: -1.47
      objectReference: {fileID: 0}
    - target: {fileID: 3558504228889305950, guid: e1afc4a32925a634f9bc45d538925b88, type: 3}
      propertyPath: m_LocalRotation.w
      value: 0.9238795
      objectReference: {fileID: 0}
    - target: {fileID: 3558504228889305950, guid: e1afc4a32925a634f9bc45d538925b88, type: 3}
      propertyPath: m_LocalRotation.x
      value: 0.000000020192031
      objectReference: {fileID: 0}
    - target: {fileID: 3558504228889305950, guid: e1afc4a32925a634f9bc45d538925b88, type: 3}
      propertyPath: m_LocalRotation.y
      value: 0.3826836
      objectReference: {fileID: 0}
    - target: {fileID: 3558504228889305950, guid: e1afc4a32925a634f9bc45d538925b88, type: 3}
      propertyPath: m_LocalRotation.z
      value: 0.000000008363819
      objectReference: {fileID: 0}
    - target: {fileID: 3558504228889305950, guid: e1afc4a32925a634f9bc45d538925b88, type: 3}
      propertyPath: m_LocalEulerAnglesHint.x
      value: 0
      objectReference: {fileID: 0}
    - target: {fileID: 3558504228889305950, guid: e1afc4a32925a634f9bc45d538925b88, type: 3}
      propertyPath: m_LocalEulerAnglesHint.y
      value: 45.000004
      objectReference: {fileID: 0}
    - target: {fileID: 3558504228889305950, guid: e1afc4a32925a634f9bc45d538925b88, type: 3}
      propertyPath: m_LocalEulerAnglesHint.z
      value: 0
      objectReference: {fileID: 0}
    - target: {fileID: 5335905297485326004, guid: e1afc4a32925a634f9bc45d538925b88, type: 3}
      propertyPath: m_Name
      value: Part_5
      objectReference: {fileID: 0}
    - target: {fileID: 5335905297485326004, guid: e1afc4a32925a634f9bc45d538925b88, type: 3}
      propertyPath: m_Layer
      value: 8
      objectReference: {fileID: 0}
    m_RemovedComponents: []
  m_SourcePrefab: {fileID: 100100000, guid: e1afc4a32925a634f9bc45d538925b88, type: 3}
--- !u!4 &1384519580202507081 stripped
Transform:
  m_CorrespondingSourceObject: {fileID: 3558504228889305950, guid: e1afc4a32925a634f9bc45d538925b88, type: 3}
  m_PrefabInstance: {fileID: 2473766502590265367}
  m_PrefabAsset: {fileID: 0}
--- !u!1001 &4254497921527971869
PrefabInstance:
  m_ObjectHideFlags: 0
  serializedVersion: 2
  m_Modification:
    m_TransformParent: {fileID: 1236670515270949360}
    m_Modifications:
    - target: {fileID: 3558504228889305950, guid: e1afc4a32925a634f9bc45d538925b88, type: 3}
      propertyPath: m_RootOrder
      value: 4
      objectReference: {fileID: 0}
    - target: {fileID: 3558504228889305950, guid: e1afc4a32925a634f9bc45d538925b88, type: 3}
      propertyPath: m_LocalPosition.x
      value: -2.076
      objectReference: {fileID: 0}
    - target: {fileID: 3558504228889305950, guid: e1afc4a32925a634f9bc45d538925b88, type: 3}
      propertyPath: m_LocalPosition.y
      value: 0.89
      objectReference: {fileID: 0}
    - target: {fileID: 3558504228889305950, guid: e1afc4a32925a634f9bc45d538925b88, type: 3}
      propertyPath: m_LocalPosition.z
      value: 0.906
      objectReference: {fileID: 0}
    - target: {fileID: 3558504228889305950, guid: e1afc4a32925a634f9bc45d538925b88, type: 3}
      propertyPath: m_LocalRotation.w
      value: 0.38268328
      objectReference: {fileID: 0}
    - target: {fileID: 3558504228889305950, guid: e1afc4a32925a634f9bc45d538925b88, type: 3}
      propertyPath: m_LocalRotation.x
      value: 0.000000008363808
      objectReference: {fileID: 0}
    - target: {fileID: 3558504228889305950, guid: e1afc4a32925a634f9bc45d538925b88, type: 3}
      propertyPath: m_LocalRotation.y
      value: -0.92387956
      objectReference: {fileID: 0}
    - target: {fileID: 3558504228889305950, guid: e1afc4a32925a634f9bc45d538925b88, type: 3}
      propertyPath: m_LocalRotation.z
      value: -0.000000020192031
      objectReference: {fileID: 0}
    - target: {fileID: 3558504228889305950, guid: e1afc4a32925a634f9bc45d538925b88, type: 3}
      propertyPath: m_LocalEulerAnglesHint.x
      value: 0
      objectReference: {fileID: 0}
    - target: {fileID: 3558504228889305950, guid: e1afc4a32925a634f9bc45d538925b88, type: 3}
      propertyPath: m_LocalEulerAnglesHint.y
      value: -135
      objectReference: {fileID: 0}
    - target: {fileID: 3558504228889305950, guid: e1afc4a32925a634f9bc45d538925b88, type: 3}
      propertyPath: m_LocalEulerAnglesHint.z
      value: 0
      objectReference: {fileID: 0}
    - target: {fileID: 5335905297485326004, guid: e1afc4a32925a634f9bc45d538925b88, type: 3}
      propertyPath: m_Name
      value: Part_5
      objectReference: {fileID: 0}
    - target: {fileID: 5335905297485326004, guid: e1afc4a32925a634f9bc45d538925b88, type: 3}
      propertyPath: m_Layer
      value: 8
      objectReference: {fileID: 0}
    m_RemovedComponents: []
  m_SourcePrefab: {fileID: 100100000, guid: e1afc4a32925a634f9bc45d538925b88, type: 3}
--- !u!4 &750231896884781891 stripped
Transform:
  m_CorrespondingSourceObject: {fileID: 3558504228889305950, guid: e1afc4a32925a634f9bc45d538925b88, type: 3}
  m_PrefabInstance: {fileID: 4254497921527971869}
  m_PrefabAsset: {fileID: 0}
--- !u!1001 &4340933936212440572
PrefabInstance:
  m_ObjectHideFlags: 0
  serializedVersion: 2
  m_Modification:
    m_TransformParent: {fileID: 1236670515270949360}
    m_Modifications:
    - target: {fileID: 6150490490920545439, guid: 940fcb206800ac348bd5908c35bcd46b, type: 3}
      propertyPath: m_RootOrder
      value: 15
      objectReference: {fileID: 0}
    - target: {fileID: 6150490490920545439, guid: 940fcb206800ac348bd5908c35bcd46b, type: 3}
      propertyPath: m_LocalPosition.x
      value: 2.349
      objectReference: {fileID: 0}
    - target: {fileID: 6150490490920545439, guid: 940fcb206800ac348bd5908c35bcd46b, type: 3}
      propertyPath: m_LocalPosition.y
      value: 0.953
      objectReference: {fileID: 0}
    - target: {fileID: 6150490490920545439, guid: 940fcb206800ac348bd5908c35bcd46b, type: 3}
      propertyPath: m_LocalPosition.z
      value: -0.64
      objectReference: {fileID: 0}
    - target: {fileID: 6150490490920545439, guid: 940fcb206800ac348bd5908c35bcd46b, type: 3}
      propertyPath: m_LocalRotation.w
      value: 1
      objectReference: {fileID: 0}
    - target: {fileID: 6150490490920545439, guid: 940fcb206800ac348bd5908c35bcd46b, type: 3}
      propertyPath: m_LocalRotation.x
      value: 0.000000021855694
      objectReference: {fileID: 0}
    - target: {fileID: 6150490490920545439, guid: 940fcb206800ac348bd5908c35bcd46b, type: 3}
      propertyPath: m_LocalRotation.y
      value: -0
      objectReference: {fileID: 0}
    - target: {fileID: 6150490490920545439, guid: 940fcb206800ac348bd5908c35bcd46b, type: 3}
      propertyPath: m_LocalRotation.z
      value: -0
      objectReference: {fileID: 0}
    - target: {fileID: 6150490490920545439, guid: 940fcb206800ac348bd5908c35bcd46b, type: 3}
      propertyPath: m_LocalEulerAnglesHint.x
      value: 0
      objectReference: {fileID: 0}
    - target: {fileID: 6150490490920545439, guid: 940fcb206800ac348bd5908c35bcd46b, type: 3}
      propertyPath: m_LocalEulerAnglesHint.y
      value: 0
      objectReference: {fileID: 0}
    - target: {fileID: 6150490490920545439, guid: 940fcb206800ac348bd5908c35bcd46b, type: 3}
      propertyPath: m_LocalEulerAnglesHint.z
      value: 0
      objectReference: {fileID: 0}
    - target: {fileID: 8550734974218213428, guid: 940fcb206800ac348bd5908c35bcd46b, type: 3}
      propertyPath: m_Name
      value: Part_6
      objectReference: {fileID: 0}
    - target: {fileID: 8550734974218213428, guid: 940fcb206800ac348bd5908c35bcd46b, type: 3}
      propertyPath: m_Layer
      value: 8
      objectReference: {fileID: 0}
    m_RemovedComponents: []
  m_SourcePrefab: {fileID: 100100000, guid: 940fcb206800ac348bd5908c35bcd46b, type: 3}
--- !u!4 &7594466355007314275 stripped
Transform:
  m_CorrespondingSourceObject: {fileID: 6150490490920545439, guid: 940fcb206800ac348bd5908c35bcd46b, type: 3}
  m_PrefabInstance: {fileID: 4340933936212440572}
  m_PrefabAsset: {fileID: 0}
--- !u!1001 &4424161375284569140
PrefabInstance:
  m_ObjectHideFlags: 0
  serializedVersion: 2
  m_Modification:
    m_TransformParent: {fileID: 1236670515270949360}
    m_Modifications:
    - target: {fileID: 6150490490920545439, guid: 940fcb206800ac348bd5908c35bcd46b, type: 3}
      propertyPath: m_RootOrder
      value: 7
      objectReference: {fileID: 0}
    - target: {fileID: 6150490490920545439, guid: 940fcb206800ac348bd5908c35bcd46b, type: 3}
      propertyPath: m_LocalPosition.x
      value: 1.001
      objectReference: {fileID: 0}
    - target: {fileID: 6150490490920545439, guid: 940fcb206800ac348bd5908c35bcd46b, type: 3}
      propertyPath: m_LocalPosition.y
      value: 0.953
      objectReference: {fileID: 0}
    - target: {fileID: 6150490490920545439, guid: 940fcb206800ac348bd5908c35bcd46b, type: 3}
      propertyPath: m_LocalPosition.z
      value: -1.663
      objectReference: {fileID: 0}
    - target: {fileID: 6150490490920545439, guid: 940fcb206800ac348bd5908c35bcd46b, type: 3}
      propertyPath: m_LocalRotation.w
      value: 0.7071068
      objectReference: {fileID: 0}
    - target: {fileID: 6150490490920545439, guid: 940fcb206800ac348bd5908c35bcd46b, type: 3}
      propertyPath: m_LocalRotation.x
      value: 0.000000015454312
      objectReference: {fileID: 0}
    - target: {fileID: 6150490490920545439, guid: 940fcb206800ac348bd5908c35bcd46b, type: 3}
      propertyPath: m_LocalRotation.y
      value: 0.70710677
      objectReference: {fileID: 0}
    - target: {fileID: 6150490490920545439, guid: 940fcb206800ac348bd5908c35bcd46b, type: 3}
      propertyPath: m_LocalRotation.z
      value: 0.00000001545431
      objectReference: {fileID: 0}
    - target: {fileID: 6150490490920545439, guid: 940fcb206800ac348bd5908c35bcd46b, type: 3}
      propertyPath: m_LocalEulerAnglesHint.x
      value: 0
      objectReference: {fileID: 0}
    - target: {fileID: 6150490490920545439, guid: 940fcb206800ac348bd5908c35bcd46b, type: 3}
      propertyPath: m_LocalEulerAnglesHint.y
      value: 90.00001
      objectReference: {fileID: 0}
    - target: {fileID: 6150490490920545439, guid: 940fcb206800ac348bd5908c35bcd46b, type: 3}
      propertyPath: m_LocalEulerAnglesHint.z
      value: 0
      objectReference: {fileID: 0}
    - target: {fileID: 8550734974218213428, guid: 940fcb206800ac348bd5908c35bcd46b, type: 3}
      propertyPath: m_Name
      value: Part_6
      objectReference: {fileID: 0}
    - target: {fileID: 8550734974218213428, guid: 940fcb206800ac348bd5908c35bcd46b, type: 3}
      propertyPath: m_Layer
      value: 8
      objectReference: {fileID: 0}
    m_RemovedComponents: []
  m_SourcePrefab: {fileID: 100100000, guid: 940fcb206800ac348bd5908c35bcd46b, type: 3}
--- !u!4 &7511768708674193579 stripped
Transform:
  m_CorrespondingSourceObject: {fileID: 6150490490920545439, guid: 940fcb206800ac348bd5908c35bcd46b, type: 3}
  m_PrefabInstance: {fileID: 4424161375284569140}
  m_PrefabAsset: {fileID: 0}
--- !u!1001 &4457414673273575186
PrefabInstance:
  m_ObjectHideFlags: 0
  serializedVersion: 2
  m_Modification:
    m_TransformParent: {fileID: 1236670515270949360}
    m_Modifications:
    - target: {fileID: 3558504228889305950, guid: e1afc4a32925a634f9bc45d538925b88, type: 3}
      propertyPath: m_RootOrder
      value: 6
      objectReference: {fileID: 0}
    - target: {fileID: 3558504228889305950, guid: e1afc4a32925a634f9bc45d538925b88, type: 3}
      propertyPath: m_LocalPosition.x
      value: -2.065
      objectReference: {fileID: 0}
    - target: {fileID: 3558504228889305950, guid: e1afc4a32925a634f9bc45d538925b88, type: 3}
      propertyPath: m_LocalPosition.y
      value: 0.89
      objectReference: {fileID: 0}
    - target: {fileID: 3558504228889305950, guid: e1afc4a32925a634f9bc45d538925b88, type: 3}
      propertyPath: m_LocalPosition.z
      value: -1.453
      objectReference: {fileID: 0}
    - target: {fileID: 3558504228889305950, guid: e1afc4a32925a634f9bc45d538925b88, type: 3}
      propertyPath: m_LocalRotation.w
      value: -0.38268358
      objectReference: {fileID: 0}
    - target: {fileID: 3558504228889305950, guid: e1afc4a32925a634f9bc45d538925b88, type: 3}
      propertyPath: m_LocalRotation.x
      value: -0.000000008363817
      objectReference: {fileID: 0}
    - target: {fileID: 3558504228889305950, guid: e1afc4a32925a634f9bc45d538925b88, type: 3}
      propertyPath: m_LocalRotation.y
      value: -0.9238795
      objectReference: {fileID: 0}
    - target: {fileID: 3558504228889305950, guid: e1afc4a32925a634f9bc45d538925b88, type: 3}
      propertyPath: m_LocalRotation.z
      value: -0.000000020192028
      objectReference: {fileID: 0}
    - target: {fileID: 3558504228889305950, guid: e1afc4a32925a634f9bc45d538925b88, type: 3}
      propertyPath: m_LocalEulerAnglesHint.x
      value: 0
      objectReference: {fileID: 0}
    - target: {fileID: 3558504228889305950, guid: e1afc4a32925a634f9bc45d538925b88, type: 3}
      propertyPath: m_LocalEulerAnglesHint.y
      value: -225
      objectReference: {fileID: 0}
    - target: {fileID: 3558504228889305950, guid: e1afc4a32925a634f9bc45d538925b88, type: 3}
      propertyPath: m_LocalEulerAnglesHint.z
      value: 0
      objectReference: {fileID: 0}
    - target: {fileID: 5335905297485326004, guid: e1afc4a32925a634f9bc45d538925b88, type: 3}
      propertyPath: m_Name
      value: Part_5
      objectReference: {fileID: 0}
    - target: {fileID: 5335905297485326004, guid: e1afc4a32925a634f9bc45d538925b88, type: 3}
      propertyPath: m_Layer
      value: 8
      objectReference: {fileID: 0}
    m_RemovedComponents: []
  m_SourcePrefab: {fileID: 100100000, guid: e1afc4a32925a634f9bc45d538925b88, type: 3}
--- !u!4 &916961608037168204 stripped
Transform:
  m_CorrespondingSourceObject: {fileID: 3558504228889305950, guid: e1afc4a32925a634f9bc45d538925b88, type: 3}
  m_PrefabInstance: {fileID: 4457414673273575186}
  m_PrefabAsset: {fileID: 0}
--- !u!1001 &4535190961075898899
PrefabInstance:
  m_ObjectHideFlags: 0
  serializedVersion: 2
  m_Modification:
    m_TransformParent: {fileID: 1236670515270949360}
    m_Modifications:
    - target: {fileID: 6150490490920545439, guid: 940fcb206800ac348bd5908c35bcd46b, type: 3}
      propertyPath: m_RootOrder
      value: 13
      objectReference: {fileID: 0}
    - target: {fileID: 6150490490920545439, guid: 940fcb206800ac348bd5908c35bcd46b, type: 3}
      propertyPath: m_LocalPosition.x
      value: -2.293
      objectReference: {fileID: 0}
    - target: {fileID: 6150490490920545439, guid: 940fcb206800ac348bd5908c35bcd46b, type: 3}
      propertyPath: m_LocalPosition.y
      value: 0.953
      objectReference: {fileID: 0}
    - target: {fileID: 6150490490920545439, guid: 940fcb206800ac348bd5908c35bcd46b, type: 3}
      propertyPath: m_LocalPosition.z
      value: -0.599
      objectReference: {fileID: 0}
    - target: {fileID: 6150490490920545439, guid: 940fcb206800ac348bd5908c35bcd46b, type: 3}
      propertyPath: m_LocalRotation.w
      value: 0.000000029802326
      objectReference: {fileID: 0}
    - target: {fileID: 6150490490920545439, guid: 940fcb206800ac348bd5908c35bcd46b, type: 3}
      propertyPath: m_LocalRotation.x
      value: 7.593589e-16
      objectReference: {fileID: 0}
    - target: {fileID: 6150490490920545439, guid: 940fcb206800ac348bd5908c35bcd46b, type: 3}
      propertyPath: m_LocalRotation.y
      value: 1
      objectReference: {fileID: 0}
    - target: {fileID: 6150490490920545439, guid: 940fcb206800ac348bd5908c35bcd46b, type: 3}
      propertyPath: m_LocalRotation.z
      value: 0.000000021855692
      objectReference: {fileID: 0}
    - target: {fileID: 6150490490920545439, guid: 940fcb206800ac348bd5908c35bcd46b, type: 3}
      propertyPath: m_LocalEulerAnglesHint.x
      value: 0
      objectReference: {fileID: 0}
    - target: {fileID: 6150490490920545439, guid: 940fcb206800ac348bd5908c35bcd46b, type: 3}
      propertyPath: m_LocalEulerAnglesHint.y
      value: 180.00002
      objectReference: {fileID: 0}
    - target: {fileID: 6150490490920545439, guid: 940fcb206800ac348bd5908c35bcd46b, type: 3}
      propertyPath: m_LocalEulerAnglesHint.z
      value: 0
      objectReference: {fileID: 0}
    - target: {fileID: 8550734974218213428, guid: 940fcb206800ac348bd5908c35bcd46b, type: 3}
      propertyPath: m_Name
      value: Part_6
      objectReference: {fileID: 0}
    - target: {fileID: 8550734974218213428, guid: 940fcb206800ac348bd5908c35bcd46b, type: 3}
      propertyPath: m_Layer
      value: 8
      objectReference: {fileID: 0}
    m_RemovedComponents: []
  m_SourcePrefab: {fileID: 100100000, guid: 940fcb206800ac348bd5908c35bcd46b, type: 3}
--- !u!4 &7758244915397617292 stripped
Transform:
  m_CorrespondingSourceObject: {fileID: 6150490490920545439, guid: 940fcb206800ac348bd5908c35bcd46b, type: 3}
  m_PrefabInstance: {fileID: 4535190961075898899}
  m_PrefabAsset: {fileID: 0}
--- !u!1001 &5256825534412663255
PrefabInstance:
  m_ObjectHideFlags: 0
  serializedVersion: 2
  m_Modification:
    m_TransformParent: {fileID: 1236670515270949360}
    m_Modifications:
    - target: {fileID: 4484106451608674490, guid: c552be5d68699d1428a3c94069292e4c, type: 3}
      propertyPath: m_RootOrder
      value: 19
      objectReference: {fileID: 0}
    - target: {fileID: 4484106451608674490, guid: c552be5d68699d1428a3c94069292e4c, type: 3}
      propertyPath: m_LocalPosition.x
      value: -0
      objectReference: {fileID: 0}
    - target: {fileID: 4484106451608674490, guid: c552be5d68699d1428a3c94069292e4c, type: 3}
      propertyPath: m_LocalPosition.y
      value: 0.788
      objectReference: {fileID: 0}
    - target: {fileID: 4484106451608674490, guid: c552be5d68699d1428a3c94069292e4c, type: 3}
      propertyPath: m_LocalPosition.z
      value: -1.633
      objectReference: {fileID: 0}
    - target: {fileID: 4484106451608674490, guid: c552be5d68699d1428a3c94069292e4c, type: 3}
      propertyPath: m_LocalRotation.w
      value: 0.70710707
      objectReference: {fileID: 0}
    - target: {fileID: 4484106451608674490, guid: c552be5d68699d1428a3c94069292e4c, type: 3}
      propertyPath: m_LocalRotation.x
      value: 0.000000015454313
      objectReference: {fileID: 0}
    - target: {fileID: 4484106451608674490, guid: c552be5d68699d1428a3c94069292e4c, type: 3}
      propertyPath: m_LocalRotation.y
      value: 0.70710653
      objectReference: {fileID: 0}
    - target: {fileID: 4484106451608674490, guid: c552be5d68699d1428a3c94069292e4c, type: 3}
      propertyPath: m_LocalRotation.z
      value: 0.000000015454305
      objectReference: {fileID: 0}
    - target: {fileID: 4484106451608674490, guid: c552be5d68699d1428a3c94069292e4c, type: 3}
      propertyPath: m_LocalEulerAnglesHint.x
      value: 0
      objectReference: {fileID: 0}
    - target: {fileID: 4484106451608674490, guid: c552be5d68699d1428a3c94069292e4c, type: 3}
      propertyPath: m_LocalEulerAnglesHint.y
      value: 90.00001
      objectReference: {fileID: 0}
    - target: {fileID: 4484106451608674490, guid: c552be5d68699d1428a3c94069292e4c, type: 3}
      propertyPath: m_LocalEulerAnglesHint.z
      value: 0
      objectReference: {fileID: 0}
    - target: {fileID: 6213158752266220276, guid: c552be5d68699d1428a3c94069292e4c, type: 3}
      propertyPath: m_Name
      value: Part_7
      objectReference: {fileID: 0}
    - target: {fileID: 6213158752266220276, guid: c552be5d68699d1428a3c94069292e4c, type: 3}
      propertyPath: m_Layer
      value: 8
      objectReference: {fileID: 0}
    m_RemovedComponents: []
  m_SourcePrefab: {fileID: 100100000, guid: c552be5d68699d1428a3c94069292e4c, type: 3}
--- !u!4 &8559445098456320365 stripped
Transform:
  m_CorrespondingSourceObject: {fileID: 4484106451608674490, guid: c552be5d68699d1428a3c94069292e4c, type: 3}
  m_PrefabInstance: {fileID: 5256825534412663255}
  m_PrefabAsset: {fileID: 0}
--- !u!1001 &6670871529849483388
PrefabInstance:
  m_ObjectHideFlags: 0
  serializedVersion: 2
  m_Modification:
    m_TransformParent: {fileID: 1236670515270949360}
    m_Modifications:
    - target: {fileID: 4484106451608674490, guid: c552be5d68699d1428a3c94069292e4c, type: 3}
      propertyPath: m_RootOrder
      value: 20
      objectReference: {fileID: 0}
    - target: {fileID: 4484106451608674490, guid: c552be5d68699d1428a3c94069292e4c, type: 3}
      propertyPath: m_LocalPosition.x
      value: 0
      objectReference: {fileID: 0}
    - target: {fileID: 4484106451608674490, guid: c552be5d68699d1428a3c94069292e4c, type: 3}
      propertyPath: m_LocalPosition.y
      value: 2.588
      objectReference: {fileID: 0}
    - target: {fileID: 4484106451608674490, guid: c552be5d68699d1428a3c94069292e4c, type: 3}
      propertyPath: m_LocalPosition.z
      value: -1.6300001
      objectReference: {fileID: 0}
    - target: {fileID: 4484106451608674490, guid: c552be5d68699d1428a3c94069292e4c, type: 3}
      propertyPath: m_LocalRotation.w
      value: 0.70710707
      objectReference: {fileID: 0}
    - target: {fileID: 4484106451608674490, guid: c552be5d68699d1428a3c94069292e4c, type: 3}
      propertyPath: m_LocalRotation.x
      value: 0.000000015454313
      objectReference: {fileID: 0}
    - target: {fileID: 4484106451608674490, guid: c552be5d68699d1428a3c94069292e4c, type: 3}
      propertyPath: m_LocalRotation.y
      value: 0.70710653
      objectReference: {fileID: 0}
    - target: {fileID: 4484106451608674490, guid: c552be5d68699d1428a3c94069292e4c, type: 3}
      propertyPath: m_LocalRotation.z
      value: 0.000000015454305
      objectReference: {fileID: 0}
    - target: {fileID: 4484106451608674490, guid: c552be5d68699d1428a3c94069292e4c, type: 3}
      propertyPath: m_LocalEulerAnglesHint.x
      value: 0
      objectReference: {fileID: 0}
    - target: {fileID: 4484106451608674490, guid: c552be5d68699d1428a3c94069292e4c, type: 3}
      propertyPath: m_LocalEulerAnglesHint.y
      value: 90.00001
      objectReference: {fileID: 0}
    - target: {fileID: 4484106451608674490, guid: c552be5d68699d1428a3c94069292e4c, type: 3}
      propertyPath: m_LocalEulerAnglesHint.z
      value: 0
      objectReference: {fileID: 0}
    - target: {fileID: 6213158752266220276, guid: c552be5d68699d1428a3c94069292e4c, type: 3}
      propertyPath: m_Name
      value: Part_7
      objectReference: {fileID: 0}
    - target: {fileID: 6213158752266220276, guid: c552be5d68699d1428a3c94069292e4c, type: 3}
      propertyPath: m_Layer
      value: 8
      objectReference: {fileID: 0}
    m_RemovedComponents: []
  m_SourcePrefab: {fileID: 100100000, guid: c552be5d68699d1428a3c94069292e4c, type: 3}
--- !u!4 &7109228189827584198 stripped
Transform:
  m_CorrespondingSourceObject: {fileID: 4484106451608674490, guid: c552be5d68699d1428a3c94069292e4c, type: 3}
  m_PrefabInstance: {fileID: 6670871529849483388}
  m_PrefabAsset: {fileID: 0}
--- !u!1001 &7095846044542942302
PrefabInstance:
  m_ObjectHideFlags: 0
  serializedVersion: 2
  m_Modification:
    m_TransformParent: {fileID: 1236670515270949360}
    m_Modifications:
    - target: {fileID: 4484106451608674490, guid: c552be5d68699d1428a3c94069292e4c, type: 3}
      propertyPath: m_RootOrder
      value: 21
      objectReference: {fileID: 0}
    - target: {fileID: 4484106451608674490, guid: c552be5d68699d1428a3c94069292e4c, type: 3}
      propertyPath: m_LocalPosition.x
      value: -0
      objectReference: {fileID: 0}
    - target: {fileID: 4484106451608674490, guid: c552be5d68699d1428a3c94069292e4c, type: 3}
      propertyPath: m_LocalPosition.y
      value: 2.59
      objectReference: {fileID: 0}
    - target: {fileID: 4484106451608674490, guid: c552be5d68699d1428a3c94069292e4c, type: 3}
      propertyPath: m_LocalPosition.z
      value: 1.102
      objectReference: {fileID: 0}
    - target: {fileID: 4484106451608674490, guid: c552be5d68699d1428a3c94069292e4c, type: 3}
      propertyPath: m_LocalRotation.w
      value: 0.7071066
      objectReference: {fileID: 0}
    - target: {fileID: 4484106451608674490, guid: c552be5d68699d1428a3c94069292e4c, type: 3}
      propertyPath: m_LocalRotation.x
      value: 0.00000001545431
      objectReference: {fileID: 0}
    - target: {fileID: 4484106451608674490, guid: c552be5d68699d1428a3c94069292e4c, type: 3}
      propertyPath: m_LocalRotation.y
      value: -0.707107
      objectReference: {fileID: 0}
    - target: {fileID: 4484106451608674490, guid: c552be5d68699d1428a3c94069292e4c, type: 3}
      propertyPath: m_LocalRotation.z
      value: -0.000000015454315
      objectReference: {fileID: 0}
    - target: {fileID: 4484106451608674490, guid: c552be5d68699d1428a3c94069292e4c, type: 3}
      propertyPath: m_LocalEulerAnglesHint.x
      value: 0
      objectReference: {fileID: 0}
    - target: {fileID: 4484106451608674490, guid: c552be5d68699d1428a3c94069292e4c, type: 3}
      propertyPath: m_LocalEulerAnglesHint.y
      value: -90.00001
      objectReference: {fileID: 0}
    - target: {fileID: 4484106451608674490, guid: c552be5d68699d1428a3c94069292e4c, type: 3}
      propertyPath: m_LocalEulerAnglesHint.z
      value: 0
      objectReference: {fileID: 0}
    - target: {fileID: 6213158752266220276, guid: c552be5d68699d1428a3c94069292e4c, type: 3}
      propertyPath: m_Name
      value: Part_7
      objectReference: {fileID: 0}
    - target: {fileID: 6213158752266220276, guid: c552be5d68699d1428a3c94069292e4c, type: 3}
      propertyPath: m_Layer
      value: 8
      objectReference: {fileID: 0}
    m_RemovedComponents: []
  m_SourcePrefab: {fileID: 100100000, guid: c552be5d68699d1428a3c94069292e4c, type: 3}
--- !u!4 &6648225019849317604 stripped
Transform:
  m_CorrespondingSourceObject: {fileID: 4484106451608674490, guid: c552be5d68699d1428a3c94069292e4c, type: 3}
  m_PrefabInstance: {fileID: 7095846044542942302}
  m_PrefabAsset: {fileID: 0}
--- !u!1001 &8358214322049049349
PrefabInstance:
  m_ObjectHideFlags: 0
  serializedVersion: 2
  m_Modification:
    m_TransformParent: {fileID: 1236670515270949360}
    m_Modifications:
    - target: {fileID: 5075085914766077796, guid: ae22486844d43ae428f87857346d6584, type: 3}
      propertyPath: m_RootOrder
      value: 2
      objectReference: {fileID: 0}
    - target: {fileID: 5075085914766077796, guid: ae22486844d43ae428f87857346d6584, type: 3}
      propertyPath: m_LocalPosition.x
      value: -0.84
      objectReference: {fileID: 0}
    - target: {fileID: 5075085914766077796, guid: ae22486844d43ae428f87857346d6584, type: 3}
      propertyPath: m_LocalPosition.y
      value: -0
      objectReference: {fileID: 0}
    - target: {fileID: 5075085914766077796, guid: ae22486844d43ae428f87857346d6584, type: 3}
      propertyPath: m_LocalPosition.z
      value: 0.921
      objectReference: {fileID: 0}
    - target: {fileID: 5075085914766077796, guid: ae22486844d43ae428f87857346d6584, type: 3}
      propertyPath: m_LocalRotation.w
      value: 0.7071071
      objectReference: {fileID: 0}
    - target: {fileID: 5075085914766077796, guid: ae22486844d43ae428f87857346d6584, type: 3}
      propertyPath: m_LocalRotation.x
      value: 0.000000015454315
      objectReference: {fileID: 0}
    - target: {fileID: 5075085914766077796, guid: ae22486844d43ae428f87857346d6584, type: 3}
      propertyPath: m_LocalRotation.y
      value: -0.7071065
      objectReference: {fileID: 0}
    - target: {fileID: 5075085914766077796, guid: ae22486844d43ae428f87857346d6584, type: 3}
      propertyPath: m_LocalRotation.z
      value: -0.000000015454303
      objectReference: {fileID: 0}
    - target: {fileID: 5075085914766077796, guid: ae22486844d43ae428f87857346d6584, type: 3}
      propertyPath: m_LocalEulerAnglesHint.x
      value: 0
      objectReference: {fileID: 0}
    - target: {fileID: 5075085914766077796, guid: ae22486844d43ae428f87857346d6584, type: 3}
      propertyPath: m_LocalEulerAnglesHint.y
      value: -90.00001
      objectReference: {fileID: 0}
    - target: {fileID: 5075085914766077796, guid: ae22486844d43ae428f87857346d6584, type: 3}
      propertyPath: m_LocalEulerAnglesHint.z
      value: 0
      objectReference: {fileID: 0}
    - target: {fileID: 7889368120267120974, guid: ae22486844d43ae428f87857346d6584, type: 3}
      propertyPath: m_Name
      value: Part_4
      objectReference: {fileID: 0}
    - target: {fileID: 7889368120267120974, guid: ae22486844d43ae428f87857346d6584, type: 3}
      propertyPath: m_Layer
      value: 8
      objectReference: {fileID: 0}
    m_RemovedComponents: []
  m_SourcePrefab: {fileID: 100100000, guid: ae22486844d43ae428f87857346d6584, type: 3}
--- !u!4 &3859589709347458145 stripped
Transform:
  m_CorrespondingSourceObject: {fileID: 5075085914766077796, guid: ae22486844d43ae428f87857346d6584, type: 3}
  m_PrefabInstance: {fileID: 8358214322049049349}
  m_PrefabAsset: {fileID: 0}
--- !u!1001 &8820926825839598835
PrefabInstance:
  m_ObjectHideFlags: 0
  serializedVersion: 2
  m_Modification:
    m_TransformParent: {fileID: 1236670515270949360}
    m_Modifications:
    - target: {fileID: 3558504228889305950, guid: e1afc4a32925a634f9bc45d538925b88, type: 3}
      propertyPath: m_RootOrder
      value: 9
      objectReference: {fileID: 0}
    - target: {fileID: 3558504228889305950, guid: e1afc4a32925a634f9bc45d538925b88, type: 3}
      propertyPath: m_LocalScale.x
      value: 0.99999976
      objectReference: {fileID: 0}
    - target: {fileID: 3558504228889305950, guid: e1afc4a32925a634f9bc45d538925b88, type: 3}
      propertyPath: m_LocalScale.z
      value: 0.99999976
      objectReference: {fileID: 0}
    - target: {fileID: 3558504228889305950, guid: e1afc4a32925a634f9bc45d538925b88, type: 3}
      propertyPath: m_LocalPosition.x
      value: -2.076
      objectReference: {fileID: 0}
    - target: {fileID: 3558504228889305950, guid: e1afc4a32925a634f9bc45d538925b88, type: 3}
      propertyPath: m_LocalPosition.y
      value: 2.69
      objectReference: {fileID: 0}
    - target: {fileID: 3558504228889305950, guid: e1afc4a32925a634f9bc45d538925b88, type: 3}
      propertyPath: m_LocalPosition.z
      value: 0.9089999
      objectReference: {fileID: 0}
    - target: {fileID: 3558504228889305950, guid: e1afc4a32925a634f9bc45d538925b88, type: 3}
      propertyPath: m_LocalRotation.w
      value: 0.38268328
      objectReference: {fileID: 0}
    - target: {fileID: 3558504228889305950, guid: e1afc4a32925a634f9bc45d538925b88, type: 3}
      propertyPath: m_LocalRotation.x
      value: 0.000000008363808
      objectReference: {fileID: 0}
    - target: {fileID: 3558504228889305950, guid: e1afc4a32925a634f9bc45d538925b88, type: 3}
      propertyPath: m_LocalRotation.y
      value: -0.92387956
      objectReference: {fileID: 0}
    - target: {fileID: 3558504228889305950, guid: e1afc4a32925a634f9bc45d538925b88, type: 3}
      propertyPath: m_LocalRotation.z
      value: -0.000000020192031
      objectReference: {fileID: 0}
    - target: {fileID: 3558504228889305950, guid: e1afc4a32925a634f9bc45d538925b88, type: 3}
      propertyPath: m_LocalEulerAnglesHint.x
      value: 0
      objectReference: {fileID: 0}
    - target: {fileID: 3558504228889305950, guid: e1afc4a32925a634f9bc45d538925b88, type: 3}
      propertyPath: m_LocalEulerAnglesHint.y
      value: -135
      objectReference: {fileID: 0}
    - target: {fileID: 3558504228889305950, guid: e1afc4a32925a634f9bc45d538925b88, type: 3}
      propertyPath: m_LocalEulerAnglesHint.z
      value: 0
      objectReference: {fileID: 0}
    - target: {fileID: 5335905297485326004, guid: e1afc4a32925a634f9bc45d538925b88, type: 3}
      propertyPath: m_Name
      value: Part_5
      objectReference: {fileID: 0}
    - target: {fileID: 5335905297485326004, guid: e1afc4a32925a634f9bc45d538925b88, type: 3}
      propertyPath: m_Layer
      value: 8
      objectReference: {fileID: 0}
    m_RemovedComponents: []
  m_SourcePrefab: {fileID: 100100000, guid: e1afc4a32925a634f9bc45d538925b88, type: 3}
--- !u!4 &5406679690881417133 stripped
Transform:
  m_CorrespondingSourceObject: {fileID: 3558504228889305950, guid: e1afc4a32925a634f9bc45d538925b88, type: 3}
  m_PrefabInstance: {fileID: 8820926825839598835}
  m_PrefabAsset: {fileID: 0}
